@misc{GenNBV-chen2024,
      title={GenNBV: Generalizable Next-Best-View Policy for Active 3D Reconstruction},
      author={Xiao Chen and Quanyi Li and Tai Wang and Tianfan Xue and Jiangmiao Pang},
      year={2024},
      eprint={2402.16174},
      archivePrefix={arXiv},
      primaryClass={cs.CV},
      url={https://arxiv.org/abs/2402.16174},
}
@misc{VIN-NBV-frahm2025,
      title={VIN-NBV: A View Introspection Network for Next-Best-View Selection},
      author={Noah Frahm and Dongxu Zhao and Andrea Dunn Beltran and Ron Alterovitz and Jan-Michael Frahm and Junier Oliva and Roni Sengupta},
      year={2025},
      eprint={2505.06219},
      archivePrefix={arXiv},
      primaryClass={cs.CV},
      url={https://arxiv.org/abs/2505.06219},
}

@misc{SceneScript-avetisyan2024,
      title={SceneScript: Reconstructing Scenes With An Autoregressive Structured Language Model},
      author={Armen Avetisyan and Christopher Xie and Henry Howard-Jenkins and Tsun-Yi Yang and Samir Aroudj and Suvam Patra and Fuyang Zhang and Duncan Frost and Luke Holland and Campbell Orme and Jakob Engel and Edward Miller and Richard Newcombe and Vasileios Balntas},
      year={2024},
      eprint={2403.13064},
      archivePrefix={arXiv},
      primaryClass={cs.CV},
      url={https://arxiv.org/abs/2403.13064},
}
@misc{HITL-SceneScript-xie2025,
      title={Human-in-the-Loop Local Corrections of 3D Scene Layouts via Infilling},
      author={Christopher Xie and Armen Avetisyan and Henry Howard-Jenkins and Yawar Siddiqui and Julian Straub and Richard Newcombe and Vasileios Balntas and Jakob Engel},
      year={2025},
      eprint={2503.11806},
      archivePrefix={arXiv},
      primaryClass={cs.CV},
      url={https://arxiv.org/abs/2503.11806},
}