@String(PAMI = {IEEE Trans. Pattern Anal. Mach. Intell.})
@String(IJCV = {Int. J. Comput. Vis.})
@String(CVPR= {IEEE Conf. Comput. Vis. Pattern Recog.})
@String(ICCV= {Int. Conf. Comput. Vis.})
@String(ECCV= {Eur. Conf. Comput. Vis.})
@String(NIPS= {Adv. Neural Inform. Process. Syst.})
@String(ICPR = {Int. Conf. Pattern Recog.})
@String(BMVC= {Brit. Mach. Vis. Conf.})
@String(TOG= {ACM Trans. Graph.})
@String(TIP  = {IEEE Trans. Image Process.})
@String(TVCG  = {IEEE Trans. Vis. Comput. Graph.})
@String(TMM  = {IEEE Trans. Multimedia})
@String(ACMMM= {ACM Int. Conf. Multimedia})
@String(ICME = {Int. Conf. Multimedia and Expo})
@String(ICASSP=	{ICASSP})
@String(ICIP = {IEEE Int. Conf. Image Process.})
@String(ACCV  = {ACCV})
@String(ICLR = {Int. Conf. Learn. Represent.})
@String(IJCAI = {IJCAI})
@String(PR   = {Pattern Recognition})
@String(AAAI = {AAAI})
@String(CVPRW= {IEEE Conf. Comput. Vis. Pattern Recog. Worksh.})
@String(CSVT = {IEEE Trans. Circuit Syst. Video Technol.})

@String(SPL	= {IEEE Sign. Process. Letters})
@String(VR   = {Vis. Res.})
@String(JOV	 = {J. Vis.})
@String(TVC  = {The Vis. Comput.})
@String(JCST  = {J. Comput. Sci. Tech.})
@String(CGF  = {Comput. Graph. Forum})
@String(CVM = {Computational Visual Media})


@String(PAMI  = {IEEE TPAMI})
@String(IJCV  = {IJCV})
@String(CVPR  = {CVPR})
@String(ICCV  = {ICCV})
@String(ECCV  = {ECCV})
@String(NIPS  = {NeurIPS})
@String(ICPR  = {ICPR})
@String(BMVC  =	{BMVC})
@String(TOG   = {ACM TOG})
@String(TIP   = {IEEE TIP})
@String(TVCG  = {IEEE TVCG})
@String(TCSVT = {IEEE TCSVT})
@String(TMM   =	{IEEE TMM})
@String(ACMMM = {ACM MM})
@String(ICME  =	{ICME})
@String(ICASSP=	{ICASSP})
@String(ICIP  = {ICIP})
@String(ACCV  = {ACCV})
@String(ICLR  = {ICLR})
@String(IJCAI = {IJCAI})
@String(PR = {PR})
@String(AAAI = {AAAI})
@String(CVPRW= {CVPRW})
@String(CSVT = {IEEE TCSVT})

@inproceedings{wang2025vggt,
  title={VGGT: Visual Geometry Grounded Transformer},
  author={Wang, Jianyuan and Chen, Minghao and Karaev, Nikita and Vedaldi, Andrea and Rupprecht, Christian and Novotny, David},
  booktitle={Proceedings of the IEEE/CVF Conference on Computer Vision and Pattern Recognition},
  year={2025}
}

@misc{zhan2022activermapradiancefieldactive,
      title={ActiveRMAP: Radiance Field for Active Mapping And Planning}, 
      author={Huangying Zhan and Jiyang Zheng and Yi Xu and Ian Reid and Hamid Rezatofighi},
      year={2022},
      eprint={2211.12656},
      archivePrefix={arXiv},
      primaryClass={cs.CV},
      url={https://arxiv.org/abs/2211.12656}, 
}

@InProceedings{ke2023repurposing,
      title={Repurposing Diffusion-Based Image Generators for Monocular Depth Estimation},
      author={Bingxin Ke and Anton Obukhov and Shengyu Huang and Nando Metzger and Rodrigo Caye Daudt and Konrad Schindler},
      booktitle = {Proceedings of the IEEE/CVF Conference on Computer Vision and Pattern Recognition (CVPR)},
      year={2024}
}

@inproceedings{li2021active,
  title={Active feature acquisition with generative surrogate models},
  author={Li, Yang and Oliva, Junier},
  booktitle={International conference on machine learning},
  pages={6450--6459},
  year={2021},
  organization={PMLR}
}

@article{maver1993occlusions,
  title={Occlusions as a guide for planning the next view},
  author={Maver, Jasna and Bajcsy, Ruzena},
  journal={IEEE transactions on pattern analysis and machine intelligence},
  volume={15},
  number={5},
  pages={417--433},
  year={1993},
  publisher={IEEE}
}

@inproceedings{peralta2020next,
  title={Next-best view policy for 3D reconstruction},
  author={Peralta, Daryl and Casimiro, Joel and Nilles, Aldrin Michael and Aguilar, Justine Aletta and Atienza, Rowel and Cajote, Rhandley},
  booktitle={Computer Vision--ECCV 2020 Workshops: Glasgow, UK, August 23--28, 2020, Proceedings, Part IV 16},
  pages={558--573},
  year={2020},
  organization={Springer}
}

@article{POTTHAST2014148,
title = {A probabilistic framework for next best view estimation in a cluttered environment},
journal = {Journal of Visual Communication and Image Representation},
volume = {25},
number = {1},
pages = {148-164},
year = {2014},
note = {Visual Understanding and Applications with RGB-D Cameras},
issn = {1047-3203},
doi = {https://doi.org/10.1016/j.jvcir.2013.07.006},
url = {https://www.sciencedirect.com/science/article/pii/S1047320313001387},
author = {Christian Potthast and Gaurav S. Sukhatme},
keywords = {Next best view estimation, Sensor placement, Sensor planning, View planning, Robot exploration, 3-D perception, Cluttered environments, Missing points},
abstract = {In this article, we present an information gain-based variant of the next best view problem for occluded environment. Our proposed method utilizes a belief model of the unobserved space to estimate the expected information gain of each possible viewpoint. More precise, this belief model allows a more precise estimation of the visibility of occluded space and with that a more accurate prediction of the potential information gain of new viewing positions. We present experimental evaluation on a robotic platform for active data acquisition, however due to the generality of our approach it also applies to a wide variety of 3D reconstruction problems. With the evaluation done in simulation and on a real robotic platform, exploring and acquiring data from different environments we demonstrate the generality and usefulness of our approach for next best view estimation and autonomous data acquisition.}
}

@INPROCEEDINGS{7487527,
  author={Isler, Stefan and Sabzevari, Reza and Delmerico, Jeffrey and Scaramuzza, Davide},
  booktitle={2016 IEEE International Conference on Robotics and Automation (ICRA)}, 
  title={An information gain formulation for active volumetric 3D reconstruction}, 
  year={2016},
  volume={},
  number={},
  pages={3477-3484},
  keywords={Robot sensing systems;Three-dimensional displays;Entropy;Cameras;Image reconstruction;Probabilistic logic},
  doi={10.1109/ICRA.2016.7487527}}


@misc{drone_save,
  title = {Robot rescuers to help save lives after disasters},
  howpublished = {\url{https://projects.research-and-innovation.ec.europa.eu/en/horizon-magazine/robot-rescuers-help-save-lives-after-disasters}},
  note = {Written 19 March 2014}
}


@misc{lee2022uncertaintyguidedpolicyactive,
      title={Uncertainty Guided Policy for Active Robotic 3D Reconstruction using Neural Radiance Fields}, 
      author={Soomin Lee and Le Chen and Jiahao Wang and Alexander Liniger and Suryansh Kumar and Fisher Yu},
      year={2022},
      eprint={2209.08409},
      archivePrefix={arXiv},
      primaryClass={cs.CV},
      url={https://arxiv.org/abs/2209.08409}, 
}

@inproceedings{hepp2018learn,
  title={Learn-to-score: Efficient 3d scene exploration by predicting view utility},
  author={Hepp, Benjamin and Dey, Debadeepta and Sinha, Sudipta N and Kapoor, Ashish and Joshi, Neel and Hilliges, Otmar},
  booktitle={Proceedings of the European conference on computer vision (ECCV)},
  pages={437--452},
  year={2018}
}

@misc{loshchilov2017sgdrstochasticgradientdescent,
      title={SGDR: Stochastic Gradient Descent with Warm Restarts}, 
      author={Ilya Loshchilov and Frank Hutter},
      year={2017},
      eprint={1608.03983},
      archivePrefix={arXiv},
      primaryClass={cs.LG},
      url={https://arxiv.org/abs/1608.03983}, 
}

@misc{loshchilov2019decoupledweightdecayregularization,
      title={Decoupled Weight Decay Regularization}, 
      author={Ilya Loshchilov and Frank Hutter},
      year={2019},
      eprint={1711.05101},
      archivePrefix={arXiv},
      primaryClass={cs.LG},
      url={https://arxiv.org/abs/1711.05101}, 
}

@software{Falcon_PyTorch_Lightning_2019,
    author = {Falcon, William and {The PyTorch Lightning team}},
    doi = {10.5281/zenodo.3828935},
    license = {Apache-2.0},
    month = mar,
    title = {{PyTorch Lightning}},
    url = {https://github.com/Lightning-AI/lightning},
    version = {1.4},
    year = {2019}
}

@misc{paszke2019pytorchimperativestylehighperformance,
      title={PyTorch: An Imperative Style, High-Performance Deep Learning Library}, 
      author={Adam Paszke and Sam Gross and Francisco Massa and Adam Lerer and James Bradbury and Gregory Chanan and Trevor Killeen and Zeming Lin and Natalia Gimelshein and Luca Antiga and Alban Desmaison and Andreas KÃ¶pf and Edward Yang and Zach DeVito and Martin Raison and Alykhan Tejani and Sasank Chilamkurthy and Benoit Steiner and Lu Fang and Junjie Bai and Soumith Chintala},
      year={2019},
      eprint={1912.01703},
      archivePrefix={arXiv},
      primaryClass={cs.LG},
      url={https://arxiv.org/abs/1912.01703}, 
}

@article{coral2020,
    title={Rank consistent ordinal regression for neural networks with application to age estimation},
    journal={Pattern Recognition Letters},
    volume={140},
    pages={325-331},
    year={2020},
    issn={0167-8655},
    doi={https://doi.org/10.1016/j.patrec.2020.11.008},
    url={http://www.sciencedirect.com/science/article/pii/S016786552030413X},
    author={Wenzhi Cao and Vahid Mirjalili and Sebastian Raschka}
}

@article{ravi2020pytorch3d,
    author = {Nikhila Ravi and Jeremy Reizenstein and David Novotny and Taylor Gordon
                  and Wan-Yen Lo and Justin Johnson and Georgia Gkioxari},
    title = {Accelerating 3D Deep Learning with PyTorch3D},
    journal = {arXiv:2007.08501},
    year = {2020},
}

@article{Zhou2018,
    author    = {Qian-Yi Zhou and Jaesik Park and Vladlen Koltun},
    title     = {{Open3D}: {A} Modern Library for {3D} Data Processing},
    journal   = {arXiv:1801.09847},
    year      = {2018},
}

@article{yu2024survey,
  title={A survey on evaluation of out-of-distribution generalization},
  author={Yu, Han and Liu, Jiashuo and Zhang, Xingxuan and Wu, Jiayun and Cui, Peng},
  journal={arXiv preprint arXiv:2403.01874},
  year={2024}
}

@article{liu2021towards,
  title={Towards out-of-distribution generalization: A survey},
  author={Liu, Jiashuo and Shen, Zheyan and He, Yue and Zhang, Xingxuan and Xu, Renzhe and Yu, Han and Cui, Peng},
  journal={arXiv preprint arXiv:2108.13624},
  year={2021}
}

@inproceedings{shan2024phoneme,
  title={Phoneme hallucinator: One-shot voice conversion via set expansion},
  author={Shan, Siyuan and Li, Yang and Banerjee, Amartya and Oliva, Junier B},
  booktitle={Proceedings of the AAAI Conference on Artificial Intelligence},
  volume={38},
  number={13},
  pages={14910--14918},
  year={2024}
}

@inproceedings{chen2024unified,
  title={A unified model for longitudinal multi-modal multi-view prediction with missingness},
  author={Chen, Boqi and Oliva, Junier and Niethammer, Marc},
  booktitle={International Conference on Medical Image Computing and Computer-Assisted Intervention},
  pages={410--420},
  year={2024},
  organization={Springer}
}

@inproceedings{10.5555/3692070.3694072,
author = {Valancius, Michael and Lennon, Max and Oliva, Junier B.},
title = {Acquisition conditioned oracle for nongreedy active feature acquisition},
year = {2024},
publisher = {JMLR.org},
abstract = {We develop novel methodology for active feature acquisition (AFA), the study of sequentially acquiring a dynamic subset of features that minimizes acquisition costs whilst still yielding accurate inference. The AFA framework can be useful in a myriad of domains, including health care applications where the cost of acquiring additional features for a patient (in terms of time, money, risk, etc.) can be weighed against the expected improvement to diagnostic performance. Previous approaches for AFA have employed either: deep learning RL techniques, which have difficulty training policies due to a complicated state and action space; deep learning surrogate generative models, which require modeling complicated multidimensional conditional distributions; or greedy policies, which cannot account for jointly informative feature acquisitions. We show that we can bypass many of these challenges with a novel, nonparametric oracle based approach, which we coin the acquisition conditioned oracle (ACO). Extensive experiments show the superiority of the ACO to state-of-the-art AFA methods when acquiring features for both predictions and general decision-making.},
booktitle = {Proceedings of the 41st International Conference on Machine Learning},
articleno = {2002},
numpages = {19},
location = {Vienna, Austria},
series = {ICML'24}
}

@inproceedings{jain2023dart,
  title={Dart: Diversify-aggregate-repeat training improves generalization of neural networks},
  author={Jain, Samyak and Addepalli, Sravanti and Sahu, Pawan Kumar and Dey, Priyam and Babu, R Venkatesh},
  booktitle={Proceedings of the IEEE/CVF Conference on Computer Vision and Pattern Recognition},
  pages={16048--16059},
  year={2023}
}



@inproceedings{lee2019set,
  title={Set transformer: A framework for attention-based permutation-invariant neural networks},
  author={Lee, Juho and Lee, Yoonho and Kim, Jungtaek and Kosiorek, Adam and Choi, Seungjin and Teh, Yee Whye},
  booktitle={International conference on machine learning},
  pages={3744--3753},
  year={2019},
  organization={PMLR}
}


@article{minsky1961steps,
  title={Steps toward artificial intelligence},
  author={Minsky, Marvin},
  journal={Proceedings of the IRE},
  volume={49},
  number={1},
  pages={8--30},
  year={1961},
  publisher={IEEE}
}

@inproceedings{ross2011reduction,
  title={A reduction of imitation learning and structured prediction to no-regret online learning},
  author={Ross, St{\'e}phane and Gordon, Geoffrey and Bagnell, Drew},
  booktitle={Proceedings of the fourteenth international conference on artificial intelligence and statistics},
  pages={627--635},
  year={2011},
  organization={JMLR Workshop and Conference Proceedings}
}

@article{dorigo2006ant,
  title={Ant colony optimization},
  author={Dorigo, Marco and Birattari, Mauro and Stutzle, Thomas},
  journal={IEEE computational intelligence magazine},
  volume={1},
  number={4},
  pages={28--39},
  year={2006},
  publisher={IEEE}
}


@article{dulac2015deep,
  title={Deep reinforcement learning in large discrete action spaces},
  author={Dulac-Arnold, Gabriel and Evans, Richard and van Hasselt, Hado and Sunehag, Peter and Lillicrap, Timothy and Hunt, Jonathan and Mann, Timothy and Weber, Theophane and Degris, Thomas and Coppin, Ben},
  journal={arXiv preprint arXiv:1512.07679},
  year={2015}
}

@article{zulifqar2014design,
  title={Design of a bridge inspection system (BIS) to reduce time and cost},
  author={Zulifqar, A and Cabieses, Miryam and Mikhail, Andrew and Khan, Namra},
  journal={George Mason University: Farifax, VA, USA},
  year={2014}
}

@article{cooke2013interactive,
  title={Interactive team cognition},
  author={Cooke, Nancy J and Gorman, Jamie C and Myers, Christopher W and Duran, Jasmine L},
  journal={Cognitive science},
  volume={37},
  number={2},
  pages={255--285},
  year={2013},
  publisher={Wiley Online Library}
}

@article{Gale1962,
  title = {College {{Admissions}} and the {{Stability}} of {{Marriage}}},
  author = {Gale, D. and Shapley, L. S.},
  year = {1962},
  volume = {69},
  pages = {9--15},
  publisher = {{Mathematical Association of America}},
  issn = {0002-9890},
  doi = {10.2307/2312726},
  journal = {The American Mathematical Monthly},
  number = {1}
}

@article{lee2018set,
  title={Set transformer},
  author={Lee, Juho and Lee, Yoonho and Kim, Jungtaek and Kosiorek, Adam R and Choi, Seungjin and Teh, Yee Whye},
  journal={arXiv preprint arXiv:1810.00825},
  year={2018}
}

@article{qi2017pointnet,
  title={Pointnet: Deep learning on point sets for 3d classification and segmentation},
  author={Qi, Charles R and Su, Hao and Mo, Kaichun and Guibas, Leonidas J},
  journal={Proc. Computer Vision and Pattern Recognition (CVPR), IEEE},
  volume={1},
  number={2},
  pages={4},
  year={2017}
}

@inproceedings{shan2020meta,
  title={Meta-Neighborhoods.},
  author={Shan, Siyuan and Li, Yang and Oliva, Junier B},
  booktitle={NeurIPS},
  year={2020}
}


@inproceedings{park2019meta,
  title={Meta-curvature},
  author={Park, Eunbyung and Oliva, Junier B},
  booktitle={Advances in Neural Information Processing Systems},
  pages={3309--3319},
  year={2019}
}

@inproceedings{li2019flow,
  title={Flow Models for Arbitrary Conditional Likelihoods},
  author={Li, Yang and Akbar, Shoaib and Oliva, Junier B}, 
  booktitle={International conference on machine learning},
  year={2020}
}

@inproceedings{li2021active,
  title={Active feature acquisition with generative surrogate models},
  author={Li, Yang and Oliva, Junier},
  booktitle={International Conference on Machine Learning},
  pages={6450--6459},
  year={2021},
  organization={PMLR}
}

@article{strauss2021arbitrary,
  title={Arbitrary conditional distributions with energy},
  author={Strauss, Ryan and Oliva, Junier B},
  journal={Advances in Neural Information Processing Systems},
  volume={34},
  pages={752--763},
  year={2021}
}

@inproceedings{zaheer2017deep,
  title={Deep sets},
  author={Zaheer, Manzil and Kottur, Satwik and Ravanbakhsh, Siamak and Poczos, Barnabas and Salakhutdinov, Ruslan R and Smola, Alexander J},
  booktitle={Advances in Neural Information Processing Systems},
  pages={3394--3404},
  year={2017}
}

@inproceedings{shi2019deep,
  title={Deep Message Passing on Sets},
  author={Shi, Yifeng and Oliva, Junier and Niethammer, Marc},
  booktitle={AAAI Conference on Artificial Intelligence},
  year={2020}
}

@article{ilse2018attention,
  title={Attention-based deep multiple instance learning},
  author={Ilse, Maximilian and Tomczak, Jakub M and Welling, Max},
  journal={arXiv preprint arXiv:1802.04712},
  year={2018}
}

@inproceedings{zhang2018mitigating,
  title={Mitigating unwanted biases with adversarial learning},
  author={Zhang, Brian Hu and Lemoine, Blake and Mitchell, Margaret},
  booktitle={Proceedings of the 2018 AAAI/ACM Conference on AI, Ethics, and Society},
  pages={335--340},
  year={2018}
}

@inproceedings{elazar2018adversarial,
  title={Adversarial Removal of Demographic Attributes from Text Data},
  author={Elazar, Yanai and Goldberg, Yoav},
  booktitle={Proceedings of the 2018 Conference on Empirical Methods in Natural Language Processing},
  pages={11--21},
  year={2018}
}

@book{adams1995hitchhiker,
  title={The Hitchhiker's Guide to the Galaxy},
  author={Adams, D.},
  isbn={9781417642595},
  url={http://books.google.com/books?id=W-xMPgAACAAJ},
  year={1995},
  publisher={San Val}
}


@article{zeng2022robotic,
  title={Robotic pick-and-place of novel objects in clutter with multi-affordance grasping and cross-domain image matching},
  author={Zeng, Andy and Song, Shuran and Yu, Kuan-Ting and Donlon, Elliott and Hogan, Francois R and Bauza, Maria and Ma, Daolin and Taylor, Orion and Liu, Melody and Romo, Eudald and others},
  journal={The International Journal of Robotics Research},
  volume={41},
  number={7},
  pages={690--705},
  year={2022},
  publisher={SAGE Publications Sage UK: London, England}
}

@article{jiang2021synergies,
  title={Synergies between affordance and geometry: 6-dof grasp detection via implicit representations},
  author={Jiang, Zhenyu and Zhu, Yifeng and Svetlik, Maxwell and Fang, Kuan and Zhu, Yuke},
  journal={arXiv preprint arXiv:2104.01542},
  year={2021}
}

@inproceedings{izadi2011kinectfusion,
  title={KinectFusion: real-time 3D reconstruction and interaction using a moving depth camera},
  author={Izadi, Shahram and Kim, David and Hilliges, Otmar and Molyneaux, David and Newcombe, Richard and Kohli, Pushmeet and Shotton, Jamie and Hodges, Steve and Freeman, Dustin and Davison, Andrew and others},
  booktitle={Proceedings of the 24th annual ACM symposium on User interface software and technology},
  pages={559--568},
  year={2011}
}

@inproceedings{yao2018mvsnet,
  title={Mvsnet: Depth inference for unstructured multi-view stereo},
  author={Yao, Yao and Luo, Zixin and Li, Shiwei and Fang, Tian and Quan, Long},
  booktitle={Proceedings of the European conference on computer vision (ECCV)},
  pages={767--783},
  year={2018}
}

@inproceedings{myers2015affordance,
  title={Affordance detection of tool parts from geometric features},
  author={Myers, Austin and Teo, Ching L and Ferm{\"u}ller, Cornelia and Aloimonos, Yiannis},
  booktitle={2015 IEEE International Conference on Robotics and Automation (ICRA)},
  pages={1374--1381},
  year={2015},
  organization={IEEE}
}

@inproceedings{nguyen2017object,
  title={Object-based affordances detection with convolutional neural networks and dense conditional random fields},
  author={Nguyen, Anh and Kanoulas, Dimitrios and Caldwell, Darwin G and Tsagarakis, Nikos G},
  booktitle={2017 IEEE/RSJ International Conference on Intelligent Robots and Systems (IROS)},
  pages={5908--5915},
  year={2017},
  organization={IEEE}
}

@inproceedings{deng20213d,
  title={3d affordancenet: A benchmark for visual object affordance understanding},
  author={Deng, Shengheng and Xu, Xun and Wu, Chaozheng and Chen, Ke and Jia, Kui},
  booktitle={Proceedings of the IEEE/CVF Conference on Computer Vision and Pattern Recognition},
  pages={1778--1787},
  year={2021}
}

@inproceedings{grauman2022ego4d,
  title={Ego4d: Around the world in 3,000 hours of egocentric video},
  author={Grauman, Kristen and Westbury, Andrew and Byrne, Eugene and Chavis, Zachary and Furnari, Antonino and Girdhar, Rohit and Hamburger, Jackson and Jiang, Hao and Liu, Miao and Liu, Xingyu and others},
  booktitle={Proceedings of the IEEE/CVF Conference on Computer Vision and Pattern Recognition},
  pages={18995--19012},
  year={2022}
}

@inproceedings{hou2021affordance,
  title={Affordance transfer learning for human-object interaction detection},
  author={Hou, Zhi and Yu, Baosheng and Qiao, Yu and Peng, Xiaojiang and Tao, Dacheng},
  booktitle={Proceedings of the IEEE/CVF Conference on Computer Vision and Pattern Recognition},
  pages={495--504},
  year={2021}
}

@inproceedings{do2018affordancenet,
  title={Affordancenet: An end-to-end deep learning approach for object affordance detection},
  author={Do, Thanh-Toan and Nguyen, Anh and Reid, Ian},
  booktitle={2018 IEEE international conference on robotics and automation (ICRA)},
  pages={5882--5889},
  year={2018},
  organization={IEEE}
}

@article{zhai2022one,
  title={One-shot object affordance detection in the wild},
  author={Zhai, Wei and Luo, Hongchen and Zhang, Jing and Cao, Yang and Tao, Dacheng},
  journal={International Journal of Computer Vision},
  volume={130},
  number={10},
  pages={2472--2500},
  year={2022},
  publisher={Springer}
}

@article{luo2022grounded,
  title={Grounded Affordance from Exocentric View},
  author={Luo, Hongchen and Zhai, Wei and Zhang, Jing and Cao, Yang and Tao, Dacheng},
  journal={arXiv preprint arXiv:2208.13196},
  year={2022}
}

@inproceedings{fang2018demo2vec,
  title={Demo2vec: Reasoning object affordances from online videos},
  author={Fang, Kuan and Wu, Te-Lin and Yang, Daniel and Savarese, Silvio and Lim, Joseph J},
  booktitle={Proceedings of the IEEE Conference on Computer Vision and Pattern Recognition},
  pages={2139--2147},
  year={2018}
}

@article{lee2022uncertainty,
  title={Uncertainty Guided Policy for Active Robotic 3D Reconstruction Using Neural Radiance Fields},
  author={Lee, Soomin and Chen, Le and Wang, Jiahao and Liniger, Alexander and Kumar, Suryansh and Yu, Fisher},
  journal={IEEE Robotics and Automation Letters},
  volume={7},
  number={4},
  pages={12070--12077},
  year={2022},
  publisher={IEEE}
}

@article{wu20143d,
  title={3d shapenets for 2.5 d object recognition and next-best-view prediction},
  author={Wu, Zhirong and Song, Shuran and Khosla, Aditya and Tang, Xiaoou and Xiao, Jianxiong},
  journal={arXiv preprint arXiv:1406.5670},
  volume={2},
  number={4},
  year={2014},
  publisher={Citeseer}
}

@inproceedings{kriegel2012next,
  title={Next-best-scan planning for autonomous 3d modeling},
  author={Kriegel, Simon and Rink, Christian and Bodenm{\"u}ller, Tim and Narr, Alexander and Suppa, Michael and Hirzinger, Gerd},
  booktitle={2012 IEEE/RSJ International Conference on Intelligent Robots and Systems},
  pages={2850--2856},
  year={2012},
  organization={IEEE}
}


@InProceedings{Lichy_2021_CVPR,
    author    = {Lichy, Daniel and Wu, Jiaye and Sengupta, Soumyadip and Jacobs, David W.},
    title     = {Shape and Material Capture at Home},
    booktitle = {Proceedings of the IEEE/CVF Conference on Computer Vision and Pattern Recognition (CVPR)},
    month     = {June},
    year      = {2021},
    pages     = {6123-6133}
}

@InProceedings{Sengupta_2018_CVPR,
author = {Sengupta, Soumyadip and Kanazawa, Angjoo and Castillo, Carlos D. and Jacobs, David W.},
title = {SfSNet: Learning Shape, Reflectance and Illuminance of Faces `in the Wild'},
booktitle = {Proceedings of the IEEE Conference on Computer Vision and Pattern Recognition (CVPR)},
month = {June},
year = {2018}
}

@InProceedings{Sengupta_2019_ICCV,
author = {Sengupta, Soumyadip and Gu, Jinwei and Kim, Kihwan and Liu, Guilin and Jacobs, David W. and Kautz, Jan},
title = {Neural Inverse Rendering of an Indoor Scene From a Single Image},
booktitle = {Proceedings of the IEEE/CVF International Conference on Computer Vision (ICCV)},
month = {October},
year = {2019}
}

%%%%%%%%%%%%%%%%%%%%% Neurips BIB %%%%%%%%%%%%%%%%%%%%%%%%%%%%%

@article{mnih2015human,
  title={Human-level control through deep reinforcement learning},
  author={Mnih, Volodymyr and Kavukcuoglu, Koray and Silver, David and Rusu, Andrei A and Veness, Joel and Bellemare, Marc G and Graves, Alex and Riedmiller, Martin and Fidjeland, Andreas K and Ostrovski, Georg and others},
  journal={nature},
  volume={518},
  number={7540},
  pages={529--533},
  year={2015},
  publisher={Nature Publishing Group}
}

@article{silver2016mastering,
  title={Mastering the game of Go with deep neural networks and tree search},
  author={Silver, David and Huang, Aja and Maddison, Chris J and Guez, Arthur and Sifre, Laurent and Van Den Driessche, George and Schrittwieser, Julian and Antonoglou, Ioannis and Panneershelvam, Veda and Lanctot, Marc and others},
  journal={nature},
  volume={529},
  number={7587},
  pages={484--489},
  year={2016},
  publisher={Nature Publishing Group}
}

@article{silver2017mastering,
  title={Mastering the game of go without human knowledge},
  author={Silver, David and Schrittwieser, Julian and Simonyan, Karen and Antonoglou, Ioannis and Huang, Aja and Guez, Arthur and Hubert, Thomas and Baker, Lucas and Lai, Matthew and Bolton, Adrian and others},
  journal={nature},
  volume={550},
  number={7676},
  pages={354--359},
  year={2017},
  publisher={Nature Publishing Group}
}

@inproceedings{finn2016guided,
  title={Guided cost learning: Deep inverse optimal control via policy optimization},
  author={Finn, Chelsea and Levine, Sergey and Abbeel, Pieter},
  booktitle={International conference on machine learning},
  pages={49--58},
  year={2016},
  organization={PMLR}
}

@article{levine2016end,
  title={End-to-end training of deep visuomotor policies},
  author={Levine, Sergey and Finn, Chelsea and Darrell, Trevor and Abbeel, Pieter},
  journal={The Journal of Machine Learning Research},
  volume={17},
  number={1},
  pages={1334--1373},
  year={2016},
  publisher={JMLR. org}
}

@inproceedings{haarnoja2018composable,
  title={Composable deep reinforcement learning for robotic manipulation},
  author={Haarnoja, Tuomas and Pong, Vitchyr and Zhou, Aurick and Dalal, Murtaza and Abbeel, Pieter and Levine, Sergey},
  booktitle={2018 IEEE international conference on robotics and automation (ICRA)},
  pages={6244--6251},
  year={2018},
  organization={IEEE}
}

@inproceedings{ling2017learning,
  title={Learning to diagnose: assimilating clinical narratives using deep reinforcement learning},
  author={Ling, Yuan and Hasan, Sadid A and Datla, Vivek and Qadir, Ashequl and Lee, Kathy and Liu, Joey and Farri, Oladimeji},
  booktitle={Proceedings of the Eighth International Joint Conference on Natural Language Processing (Volume 1: Long Papers)},
  pages={895--905},
  year={2017}
}

@article{peng2018refuel,
  title={Refuel: Exploring sparse features in deep reinforcement learning for fast disease diagnosis},
  author={Peng, Yu-Shao and Tang, Kai-Fu and Lin, Hsuan-Tien and Chang, Edward},
  journal={Advances in neural information processing systems},
  volume={31},
  year={2018}
}

@article{coronato2020reinforcement,
  title={Reinforcement learning for intelligent healthcare applications: A survey},
  author={Coronato, Antonio and Naeem, Muddasar and De Pietro, Giuseppe and Paragliola, Giovanni},
  journal={Artificial Intelligence in Medicine},
  volume={109},
  pages={101964},
  year={2020},
  publisher={Elsevier}
}

@article{yu2021reinforcement,
  title={Reinforcement learning in healthcare: A survey},
  author={Yu, Chao and Liu, Jiming and Nemati, Shamim and Yin, Guosheng},
  journal={ACM Computing Surveys (CSUR)},
  volume={55},
  number={1},
  pages={1--36},
  year={2021},
  publisher={ACM New York, NY}
}

@article{niroui2019deep,
  title={Deep reinforcement learning robot for search and rescue applications: Exploration in unknown cluttered environments},
  author={Niroui, Farzad and Zhang, Kaicheng and Kashino, Zendai and Nejat, Goldie},
  journal={IEEE Robotics and Automation Letters},
  volume={4},
  number={2},
  pages={610--617},
  year={2019},
  publisher={IEEE}
}

@article{polydoros2017survey,
  title={Survey of model-based reinforcement learning: Applications on robotics},
  author={Polydoros, Athanasios S and Nalpantidis, Lazaros},
  journal={Journal of Intelligent \& Robotic Systems},
  volume={86},
  number={2},
  pages={153--173},
  year={2017},
  publisher={Springer}
}

@article{monahan1982state,
  title={State of the artâa survey of partially observable Markov decision processes: theory, models, and algorithms},
  author={Monahan, George E},
  journal={Management science},
  volume={28},
  number={1},
  pages={1--16},
  year={1982},
  publisher={INFORMS}
}

@incollection{spaan2012partially,
  title={Partially observable Markov decision processes},
  author={Spaan, Matthijs TJ},
  booktitle={Reinforcement Learning},
  pages={387--414},
  year={2012},
  publisher={Springer}
}

@article{papadimitriou1987complexity,
  title={The complexity of Markov decision processes},
  author={Papadimitriou, Christos H and Tsitsiklis, John N},
  journal={Mathematics of operations research},
  volume={12},
  number={3},
  pages={441--450},
  year={1987},
  publisher={INFORMS}
}

@article{bai2014integrated,
  title={Integrated perception and planning in the continuous space: A POMDP approach},
  author={Bai, Haoyu and Hsu, David and Lee, Wee Sun},
  journal={The International Journal of Robotics Research},
  volume={33},
  number={9},
  pages={1288--1302},
  year={2014},
  publisher={SAGE Publications Sage UK: London, England}
}

@article{hauskrecht2000value,
  title={Value-function approximations for partially observable Markov decision processes},
  author={Hauskrecht, Milos},
  journal={Journal of artificial intelligence research},
  volume={13},
  pages={33--94},
  year={2000}
}

@inproceedings{kurniawati2008sarsop,
  title={Sarsop: Efficient point-based pomdp planning by approximating optimally reachable belief spaces.},
  author={Kurniawati, Hanna and Hsu, David and Lee, Wee Sun},
  booktitle={Robotics: Science and systems},
  volume={2008},
  year={2008},
  organization={Citeseer}
}

@incollection{littman1995learning,
  title={Learning policies for partially observable environments: Scaling up},
  author={Littman, Michael L and Cassandra, Anthony R and Kaelbling, Leslie Pack},
  booktitle={Machine Learning Proceedings 1995},
  pages={362--370},
  year={1995},
  publisher={Elsevier}
}

@inproceedings{pineau2003point,
  title={Point-based value iteration: An anytime algorithm for POMDPs},
  author={Pineau, Joelle and Gordon, Geoff and Thrun, Sebastian and others},
  booktitle={IJCAI},
  volume={3},
  pages={1025--1032},
  year={2003},
  organization={Citeseer}
}

@inproceedings{ross2007aems,
  title={AEMS: An anytime online search algorithm for approximate policy refinement in large POMDPs.},
  author={Ross, St{\'e}phane and Chaib-Draa, Brahim and others},
  booktitle={IJCAI},
  pages={2592--2598},
  year={2007}
}

@article{ross2008online,
  title={Online planning algorithms for POMDPs},
  author={Ross, St{\'e}phane and Pineau, Joelle and Paquet, S{\'e}bastien and Chaib-Draa, Brahim},
  journal={Journal of Artificial Intelligence Research},
  volume={32},
  pages={663--704},
  year={2008}
}

@article{silver2010monte,
  title={Monte-Carlo planning in large POMDPs},
  author={Silver, David and Veness, Joel},
  journal={Advances in neural information processing systems},
  volume={23},
  year={2010}
}

@article{somani2013despot,
  title={DESPOT: Online POMDP planning with regularization},
  author={Somani, Adhiraj and Ye, Nan and Hsu, David and Lee, Wee Sun},
  journal={Advances in neural information processing systems},
  volume={26},
  year={2013}
}

@inproceedings{sunberg2018online,
  title={Online algorithms for POMDPs with continuous state, action, and observation spaces},
  author={Sunberg, Zachary N and Kochenderfer, Mykel J},
  booktitle={Twenty-Eighth International Conference on Automated Planning and Scheduling},
  year={2018}
}

@article{ross2007bayes,
  title={Bayes-adaptive pomdps},
  author={Ross, Stephane and Chaib-draa, Brahim and Pineau, Joelle},
  journal={Advances in neural information processing systems},
  volume={20},
  year={2007}
}

@article{ross2011bayesian,
  title={A Bayesian Approach for Learning and Planning in Partially Observable Markov Decision Processes.},
  author={Ross, St{\'e}phane and Pineau, Joelle and Chaib-draa, Brahim and Kreitmann, Pierre},
  journal={Journal of Machine Learning Research},
  volume={12},
  number={5},
  year={2011}
}

@article{katt2018bayesian,
  title={Bayesian reinforcement learning in factored POMDPs},
  author={Katt, Sammie and Oliehoek, Frans and Amato, Christopher},
  journal={arXiv preprint arXiv:1811.05612},
  year={2018}
}

@inproceedings{hausknecht2015deep,
  title={Deep recurrent q-learning for partially observable mdps},
  author={Hausknecht, Matthew and Stone, Peter},
  booktitle={2015 aaai fall symposium series},
  year={2015}
}

@article{zhu2017improving,
  title={On improving deep reinforcement learning for pomdps},
  author={Zhu, Pengfei and Li, Xin and Poupart, Pascal and Miao, Guanghui},
  journal={arXiv preprint arXiv:1704.07978},
  year={2017}
}

@inproceedings{igl2018deep,
  title={Deep variational reinforcement learning for POMDPs},
  author={Igl, Maximilian and Zintgraf, Luisa and Le, Tuan Anh and Wood, Frank and Whiteson, Shimon},
  booktitle={International Conference on Machine Learning},
  pages={2117--2126},
  year={2018},
  organization={PMLR}
}

@article{wu2017scalable,
  title={Scalable trust-region method for deep reinforcement learning using kronecker-factored approximation},
  author={Wu, Yuhuai and Mansimov, Elman and Grosse, Roger B and Liao, Shun and Ba, Jimmy},
  journal={Advances in neural information processing systems},
  volume={30},
  year={2017}
}

@article{gregor2018temporal,
  title={Temporal difference variational auto-encoder},
  author={Gregor, Karol and Papamakarios, George and Besse, Frederic and Buesing, Lars and Weber, Theophane},
  journal={arXiv preprint arXiv:1806.03107},
  year={2018}
}

@article{vezzani2019learning,
  title={Learning latent state representation for speeding up exploration},
  author={Vezzani, Giulia and Gupta, Abhishek and Natale, Lorenzo and Abbeel, Pieter},
  journal={arXiv preprint arXiv:1905.12621},
  year={2019}
}

@article{li2020dynamic,
  title={Dynamic Feature Acquisition with Arbitrary Conditional Flows},
  author={Li, Yang and Oliva, Junier B},
  journal={arXiv preprint arXiv:2006.07701},
  year={2020}
}

@inproceedings{koutnik2014clockwork,
  title={A clockwork rnn},
  author={Koutnik, Jan and Greff, Klaus and Gomez, Faustino and Schmidhuber, Juergen},
  booktitle={International Conference on Machine Learning},
  pages={1863--1871},
  year={2014},
  organization={PMLR}
}

@article{chung2016hierarchical,
  title={Hierarchical multiscale recurrent neural networks},
  author={Chung, Junyoung and Ahn, Sungjin and Bengio, Yoshua},
  journal={arXiv preprint arXiv:1609.01704},
  year={2016}
}

@article{buesing2018learning,
  title={Learning and querying fast generative models for reinforcement learning},
  author={Buesing, Lars and Weber, Theophane and Racaniere, S{\'e}bastien and Eslami, SM and Rezende, Danilo and Reichert, David P and Viola, Fabio and Besse, Frederic and Gregor, Karol and Hassabis, Demis and others},
  journal={arXiv preprint arXiv:1802.03006},
  year={2018}
}

@article{neitz2018adaptive,
  title={Adaptive skip intervals: Temporal abstraction for recurrent dynamical models},
  author={Neitz, Alexander and Parascandolo, Giambattista and Bauer, Stefan and Sch{\"o}lkopf, Bernhard},
  journal={Advances in Neural Information Processing Systems},
  volume={31},
  year={2018}
}

@article{jayaraman2018time,
  title={Time-agnostic prediction: Predicting predictable video frames},
  author={Jayaraman, Dinesh and Ebert, Frederik and Efros, Alexei A and Levine, Sergey},
  journal={arXiv preprint arXiv:1808.07784},
  year={2018}
}

@inproceedings{yoon2019asac,
  title={ASAC: Active sensing using Actor-Critic models},
  author={Yoon, Jinsung and Jordon, James and Schaar, Mihaela},
  booktitle={Machine Learning for Healthcare Conference},
  pages={451--473},
  year={2019},
  organization={PMLR}
}

@inproceedings{chang2019dynamic,
  title={Dynamic measurement scheduling for event forecasting using deep RL},
  author={Chang, Chun-Hao and Mai, Mingjie and Goldenberg, Anna},
  booktitle={International Conference on Machine Learning},
  pages={951--960},
  year={2019},
  organization={PMLR}
}

@inproceedings{zubek2000pomdp,
  title={A POMDP approximation algorithm that anticipates the need to observe},
  author={Zubek, Valentina Bayer and Dietterich, Thomas},
  booktitle={Pacific Rim International Conference on Artificial Intelligence},
  pages={521--532},
  year={2000},
  organization={Springer}
}

@article{zubek2004two,
  title={Two heuristics for solving POMDPs having a delayed need to observe},
  author={Zubek, Valentina Bayer and Dietterich, Thomas Glen and others},
  year={2004}
}

@article{bellinger2020active,
  title={Active Measure Reinforcement Learning for Observation Cost Minimization},
  author={Bellinger, Colin and Coles, Rory and Crowley, Mark and Tamblyn, Isaac},
  journal={arXiv preprint arXiv:2005.12697},
  year={2020}
}

@article{bellinger2021scientific,
  title={Scientific Discovery and the Cost of Measurement--Balancing Information and Cost in Reinforcement Learning},
  author={Bellinger, Colin and Drozdyuk, Andriy and Crowley, Mark and Tamblyn, Isaac},
  journal={arXiv preprint arXiv:2112.07535},
  year={2021}
}

@article{nam2021reinforcement,
  title={Reinforcement learning with state observation costs in action-contingent noiselessly observable markov decision processes},
  author={Nam, HyunJi Alex and Fleming, Scott and Brunskill, Emma},
  journal={Advances in Neural Information Processing Systems},
  volume={34},
  pages={15650--15666},
  year={2021}
}

@inproceedings{wang2016dueling,
  title={Dueling network architectures for deep reinforcement learning},
  author={Wang, Ziyu and Schaul, Tom and Hessel, Matteo and Hasselt, Hado and Lanctot, Marc and Freitas, Nando},
  booktitle={International conference on machine learning},
  pages={1995--2003},
  year={2016},
  organization={PMLR}
}

@article{yin2020reinforcement,
  title={Reinforcement Learning with Efficient Active Feature Acquisition},
  author={Yin, Haiyan and Li, Yingzhen and Pan, Sinno Jialin and Zhang, Cheng and Tschiatschek, Sebastian},
  journal={arXiv preprint arXiv:2011.00825},
  year={2020}
}

@inproceedings{ammirato2017dataset,
  title={A dataset for developing and benchmarking active vision},
  author={Ammirato, Phil and Poirson, Patrick and Park, Eunbyung and Ko{\v{s}}eck{\'a}, Jana and Berg, Alexander C},
  booktitle={2017 IEEE International Conference on Robotics and Automation (ICRA)},
  pages={1378--1385},
  year={2017},
  organization={IEEE}
}

@inproceedings{jayaraman2016look,
  title={Look-ahead before you leap: end-to-end active recognition by forecasting the effect of motion},
  author={Jayaraman, Dinesh and Grauman, Kristen},
  booktitle={European Conference on Computer Vision},
  pages={489--505},
  year={2016},
  organization={Springer}
}

@inproceedings{johns2016pairwise,
  title={Pairwise decomposition of image sequences for active multi-view recognition},
  author={Johns, Edward and Leutenegger, Stefan and Davison, Andrew J},
  booktitle={Proceedings of the IEEE Conference on Computer Vision and Pattern Recognition},
  pages={3813--3822},
  year={2016}
}

@inproceedings{malmir2015deep,
  title={Deep Q-learning for Active Recognition of GERMS: Baseline performance on a standardized dataset for active learning.},
  author={Malmir, Mohsen and Sikka, Karan and Forster, Deborah and Movellan, Javier R and Cottrell, Garison},
  booktitle={BMVC},
  pages={161--1},
  year={2015}
}

@inproceedings{caicedo2015active,
  title={Active object localization with deep reinforcement learning},
  author={Caicedo, Juan C and Lazebnik, Svetlana},
  booktitle={Proceedings of the IEEE international conference on computer vision},
  pages={2488--2496},
  year={2015}
}

@inproceedings{garcia2015active,
  title={An active search strategy for efficient object detection},
  author={Garcia, AG and Vezhnevets, A and Ferrari, V},
  booktitle={Proc. IEEE Conf. Comput. Vis. Pattern Recognit},
  pages={3022--3031},
  year={2015}
}

@inproceedings{gupta2017cognitive,
  title={Cognitive mapping and planning for visual navigation},
  author={Gupta, Saurabh and Davidson, James and Levine, Sergey and Sukthankar, Rahul and Malik, Jitendra},
  booktitle={Proceedings of the IEEE Conference on Computer Vision and Pattern Recognition},
  pages={2616--2625},
  year={2017}
}

@article{karayev2012timely,
  title={Timely object recognition},
  author={Karayev, Sergey and Baumgartner, Tobias and Fritz, Mario and Darrell, Trevor},
  journal={Advances in Neural Information Processing Systems},
  volume={25},
  year={2012}
}

@inproceedings{mathe2016reinforcement,
  title={Reinforcement learning for visual object detection},
  author={Mathe, Stefan and Pirinen, Aleksis and Sminchisescu, Cristian},
  booktitle={Proceedings of the IEEE conference on computer vision and pattern recognition},
  pages={2894--2902},
  year={2016}
}

@article{mirowski2016learning,
  title={Learning to navigate in complex environments},
  author={Mirowski, Piotr and Pascanu, Razvan and Viola, Fabio and Soyer, Hubert and Ballard, Andrew J and Banino, Andrea and Denil, Misha and Goroshin, Ross and Sifre, Laurent and Kavukcuoglu, Koray and others},
  journal={arXiv preprint arXiv:1611.03673},
  year={2016}
}

@inproceedings{zhu2017target,
  title={Target-driven visual navigation in indoor scenes using deep reinforcement learning},
  author={Zhu, Yuke and Mottaghi, Roozbeh and Kolve, Eric and Lim, Joseph J and Gupta, Abhinav and Fei-Fei, Li and Farhadi, Ali},
  booktitle={2017 IEEE international conference on robotics and automation (ICRA)},
  pages={3357--3364},
  year={2017},
  organization={IEEE}
}

@article{chung2015recurrent,
  title={A recurrent latent variable model for sequential data},
  author={Chung, Junyoung and Kastner, Kyle and Dinh, Laurent and Goel, Kratarth and Courville, Aaron C and Bengio, Yoshua},
  journal={Advances in neural information processing systems},
  volume={28},
  year={2015}
}

@inproceedings{zhu2020s3vae,
  title={S3vae: Self-supervised sequential vae for representation disentanglement and data generation},
  author={Zhu, Yizhe and Min, Martin Renqiang and Kadav, Asim and Graf, Hans Peter},
  booktitle={Proceedings of the IEEE/CVF Conference on Computer Vision and Pattern Recognition},
  pages={6538--6547},
  year={2020}
}

@article{shan2021nrtsi,
  title={Nrtsi: Non-recurrent time series imputation},
  author={Shan, Siyuan and Li, Yang and Oliva, Junier B},
  journal={arXiv preprint arXiv:2102.03340},
  year={2021}
}

@article{fang2021transformer,
  title={Transformer-based conditional variational autoencoder for controllable story generation},
  author={Fang, Le and Zeng, Tao and Liu, Chaochun and Bo, Liefeng and Dong, Wen and Chen, Changyou},
  journal={arXiv preprint arXiv:2101.00828},
  year={2021}
}

@inproceedings{kim2021setvae,
  title={Setvae: Learning hierarchical composition for generative modeling of set-structured data},
  author={Kim, Jinwoo and Yoo, Jaehoon and Lee, Juho and Hong, Seunghoon},
  booktitle={Proceedings of the IEEE/CVF Conference on Computer Vision and Pattern Recognition},
  pages={15059--15068},
  year={2021}
}

@inproceedings{bilovs2021scalable,
  title={Scalable normalizing flows for permutation invariant densities},
  author={Bilo{\v{s}}, Marin and G{\"u}nnemann, Stephan},
  booktitle={International Conference on Machine Learning},
  pages={957--967},
  year={2021},
  organization={PMLR}
}

@inproceedings{petrovich2021action,
  title={Action-conditioned 3d human motion synthesis with transformer vae},
  author={Petrovich, Mathis and Black, Michael J and Varol, G{\"u}l},
  booktitle={Proceedings of the IEEE/CVF International Conference on Computer Vision},
  pages={10985--10995},
  year={2021}
}

@article{diaconis1980finite,
  title={Finite exchangeable sequences},
  author={Diaconis, Persi and Freedman, David},
  journal={The Annals of Probability},
  pages={745--764},
  year={1980},
  publisher={JSTOR}
}

@article{kerns2006definetti,
  title={Definettiâs theorem for abstract finite exchangeable sequences},
  author={Kerns, G Jay and Sz{\'e}kely, G{\'a}bor J},
  journal={Journal of Theoretical Probability},
  volume={19},
  number={3},
  pages={589--608},
  year={2006},
  publisher={Springer}
}

@book{eck2015reflective,
  title={Reflective, deliberative agent-based information gathering},
  author={Eck, Adam Dewane},
  year={2015},
  publisher={The University of Nebraska-Lincoln}
}

@article{crook2007learning,
  title={Learning in a state of confusion: Employing active perception and reinforcement learning in partially observable worlds},
  author={Crook, Paul A},
  year={2007},
  publisher={University of Edinburgh. College of Science and Engineering. School of~â¦}
}

@phdthesis{contardo2017machine,
  title={Machine learning under budget constraints},
  author={Contardo, Gabriella},
  year={2017},
  school={Universit{\'e} Pierre et Marie Curie-Paris VI}
}

@inproceedings{oberst2019counterfactual,
  title={Counterfactual off-policy evaluation with gumbel-max structural causal models},
  author={Oberst, Michael and Sontag, David},
  booktitle={International Conference on Machine Learning},
  pages={4881--4890},
  year={2019},
  organization={PMLR}
}

@inproceedings{bender2020exchangeable,
  title={Exchangeable generative models with flow scans},
  author={Bender, Christopher and O'Connor, Kevin and Li, Yang and Garcia, Juan and Oliva, Junier and Zaheer, Manzil},
  booktitle={Proceedings of the AAAI Conference on Artificial Intelligence},
  volume={34},
  pages={10053--10060},
  year={2020}
}

@article{li2020exchangeable,
  title={Exchangeable Neural ODE for Set Modeling},
  author={Li, Yang and Yi, Haidong and Bender, Christopher and Shan, Siyuan and Oliva, Junier B},
  journal={Advances in Neural Information Processing Systems},
  volume={33},
  year={2020}
}

@inproceedings{li2021partially,
  title={Partially Observed Exchangeable Modeling},
  author={Li, Yang and Oliva, Junier},
  booktitle={International Conference on Machine Learning},
  pages={6460--6470},
  year={2021},
  organization={PMLR}
}

@inproceedings{edwards2016towards,
  title={Towards a neural statistician},
  author={Edwards, Harrison and Storkey, Amos},
  booktitle={International Conference on Learning Representations},
  year={2017}
}

@inproceedings{kingma2016improved,
  title={Improved variational inference with inverse autoregressive flow},
  author={Kingma, Durk P and Salimans, Tim and Jozefowicz, Rafal and Chen, Xi and Sutskever, Ilya and Welling, Max},
  booktitle={Advances in neural information processing systems},
  pages={4743--4751},
  year={2016}
}

@article{durkan2019neural,
  title={Neural spline flows},
  author={Durkan, Conor and Bekasov, Artur and Murray, Iain and Papamakarios, George},
  journal={Advances in neural information processing systems},
  volume={32},
  year={2019}
}


@InProceedings{lee19d,
  title = 	 {Set Transformer: A Framework for Attention-based Permutation-Invariant Neural Networks},
  author = 	 {Lee, Juho and Lee, Yoonho and Kim, Jungtaek and Kosiorek, Adam and Choi, Seungjin and Teh, Yee Whye},
  booktitle = 	 {Proceedings of the 36th International Conference on Machine Learning},
  pages = 	 {3744--3753},
  year = 	 {2019}
}

@article{vaswani2017attention,
  title={Attention is all you need},
  author={Vaswani, Ashish and Shazeer, Noam and Parmar, Niki and Uszkoreit, Jakob and Jones, Llion and Gomez, Aidan N and Kaiser, Lukasz and Polosukhin, Illia},
  journal={arXiv preprint arXiv:1706.03762},
  year={2017}
}

@inproceedings{zubek2002pruning,
  title={Pruning Improves Heuristic Search for Cost-Sensitive Learning},
  author={Zubek, Valentina Bayer and Dietterich, Thomas G},
  booktitle={ICML},
  year={2002}
}

@inproceedings{ruckstiess2011sequential,
  title={Sequential feature selection for classification},
  author={R{\"u}ckstie{\ss}, Thomas and Osendorfer, Christian and van der Smagt, Patrick},
  booktitle={Australasian Joint Conference on Artificial Intelligence},
  pages={132--141},
  year={2011},
  organization={Springer}
}

@inproceedings{shim2018joint,
  title={Joint active feature acquisition and classification with variable-size set encoding},
  author={Shim, Hajin and Hwang, Sung Ju and Yang, Eunho},
  booktitle={Advances in neural information processing systems},
  pages={1368--1378},
  year={2018}
}

@inproceedings{li2021active,
  title={Active feature acquisition with generative surrogate models},
  author={Li, Yang and Oliva, Junier},
  booktitle={International Conference on Machine Learning},
  pages={6450--6459},
  year={2021},
  organization={PMLR}
}

@InProceedings{li2019flow,
  title={{ACF}low: Flow Models for Arbitrary Conditional Likelihoods},
  author={Li, Yang and Akbar, Shoaib and Oliva, Junier},
  booktitle={Proceedings of the 37th International Conference on Machine Learning},
  year={2020}
}

@InProceedings{zannone2019odin,
author = {Zannone, Sara and Hernandez Lobato, Jose Miguel  and Zhang, Cheng and Palla, Konstantina},
title = {ODIN: Optimal Discovery of High-value INformation Using Model-based Deep Reinforcement Learning},
booktitle = {Real-world Sequential Decision Making Workshop, ICML},
year = {2019},
month = {June},
}

@inproceedings{ma2018eddi,
  title={EDDI: Efficient Dynamic Discovery of High-Value Information with Partial VAE},
  author={Ma, Chao and Tschiatschek, Sebastian and Palla, Konstantina and Hernandez-Lobato, Jose Miguel and Nowozin, Sebastian and Zhang, Cheng},
  booktitle={International Conference on Machine Learning},
  pages={4234--4243},
  year={2019},
  organization={PMLR}
}

@inproceedings{he2012imitation,
  title={Imitation learning by coaching},
  author={He, He and Eisner, Jason and Daume, Hal},
  booktitle={Advances in Neural Information Processing Systems},
  pages={3149--3157},
  year={2012}
}

@article{he2016active,
  title={Active information acquisition},
  author={He, He and Mineiro, Paul and Karampatziakis, Nikos},
  journal={arXiv preprint arXiv:1602.02181},
  year={2016}
}

@inproceedings{chai2004test,
  title={Test-cost sensitive naive bayes classification},
  author={Chai, Xiaoyong and Deng, Lin and Yang, Qiang and Ling, Charles X},
  booktitle={Fourth IEEE International Conference on Data Mining (ICDM'04)},
  pages={51--58},
  year={2004},
  organization={IEEE}
}

@inproceedings{ling2004decision,
  title={Decision trees with minimal costs},
  author={Ling, Charles X and Yang, Qiang and Wang, Jianning and Zhang, Shichao},
  booktitle={Proceedings of the twenty-first international conference on Machine learning},
  pages={69},
  year={2004}
}

@inproceedings{nan2014fast,
  title={Fast margin-based cost-sensitive classification},
  author={Nan, Feng and Wang, Joseph and Trapeznikov, Kirill and Saligrama, Venkatesh},
  booktitle={2014 IEEE International Conference on Acoustics, Speech and Signal Processing (ICASSP)},
  pages={2952--2956},
  year={2014},
  organization={IEEE}
}

@article{greiner2002learning,
  title={Learning cost-sensitive active classifiers},
  author={Greiner, Russell and Grove, Adam J and Roth, Dan},
  journal={Artificial Intelligence},
  volume={139},
  number={2},
  pages={137--174},
  year={2002},
  publisher={Elsevier}
}

@inproceedings{gong2019icebreaker,
  title={Icebreaker: Element-wise efficient information acquisition with a bayesian deep latent gaussian model},
  author={Gong, Wenbo and Tschiatschek, Sebastian and Nowozin, Sebastian and Turner, Richard E and Hern{\'a}ndez-Lobato, Jos{\'e} Miguel and Zhang, Cheng},
  booktitle={Advances in Neural Information Processing Systems},
  pages={14820--14831},
  year={2019}
}

@article{bajcsy1988active,
  title={Active perception},
  author={Bajcsy, Ruzena},
  journal={Proceedings of the IEEE},
  volume={76},
  number={8},
  pages={966--1005},
  year={1988},
  publisher={IEEE}
}

@article{aloimonos1988active,
  title={Active vision},
  author={Aloimonos, John and Weiss, Isaac and Bandyopadhyay, Amit},
  journal={International journal of computer vision},
  volume={1},
  number={4},
  pages={333--356},
  year={1988},
  publisher={Springer}
}

@inproceedings{jayaraman2018learning,
  title={Learning to look around: Intelligently exploring unseen environments for unknown tasks},
  author={Jayaraman, Dinesh and Grauman, Kristen},
  booktitle={Proceedings of the IEEE Conference on Computer Vision and Pattern Recognition},
  pages={1238--1247},
  year={2018}
}

@inproceedings{cheng2018reinforcement,
  title={Reinforcement learning of active vision for manipulating objects under occlusions},
  author={Cheng, Ricson and Agarwal, Arpit and Fragkiadaki, Katerina},
  booktitle={Conference on Robot Learning},
  pages={422--431},
  year={2018},
  organization={PMLR}
}

@article{Krale2023ActThenMeasureRL,
  title={Act-Then-Measure: Reinforcement Learning for Partially Observable Environments with Active Measuring},
  author={Merlijn Krale and T. D. Sim{\~a}o and N. Jansen},
  journal={ArXiv},
  year={2023},
  volume={abs/2303.08271}
}

@inproceedings{McCallum1993OvercomingIP,
  title={Overcoming Incomplete Perception with Utile Distinction Memory},
  author={Andrew McCallum},
  booktitle={International Conference on Machine Learning},
  year={1993}
}

@article{Durkan2019NeuralSF,
  title={Neural Spline Flows},
  author={Conor Durkan and Artur Bekasov and Iain Murray and George Papamakarios},
  journal={ArXiv},
  year={2019},
  volume={abs/1906.04032}
}
%%%%%%%%%%%%%%%%%%%%% survey bib
%% passive view

@inproceedings{furukawa2010towards,
  title={Towards internet-scale multi-view stereo},
  author={Furukawa, Yasutaka and Curless, Brian and Seitz, Steven M and Szeliski, Richard},
  booktitle={2010 IEEE computer society conference on computer vision and pattern recognition},
  pages={1434--1441},
  year={2010},
  organization={IEEE}
}

@inproceedings{hornung2008image,
  title={Image selection for improved multi-view stereo},
  author={Hornung, Alexander and Zeng, Boyi and Kobbelt, Leif},
  booktitle={2008 IEEE Conference on Computer Vision and Pattern Recognition},
  pages={1--8},
  year={2008},
  organization={IEEE}
}

@article{mendes2016next,
  title={Next-best stereo: Extending next-best view optimisation for collaborative sensors},
  author={Mendes, O and Hadfield, Simon and Pugeault, Nicolas and Bowden, Richard},
  year={2016},
  publisher={British Machine Vision Association}
}

%%%Model based view planing approaches

%full model
@inproceedings{devrim2017reinforcement,
  title={A reinforcement learning approach to the view planning problem},
  author={Devrim Kaba, Mustafa and Gokhan Uzunbas, Mustafa and Nam Lim, Ser},
  booktitle={Proceedings of the IEEE Conference on Computer Vision and Pattern Recognition},
  pages={6933--6941},
  year={2017}
}

@inproceedings{sun2021learning,
  title={Learning View Selection for 3D Scenes},
  author={Sun, Yifan and Huang, Qixing and Hsiao, Dun-Yu and Guan, Li and Hua, Gang},
  booktitle={Proceedings of the IEEE/CVF Conference on Computer Vision and Pattern Recognition},
  pages={14464--14473},
  year={2021}
}

%approx CAD

@article{zhang2021continuous,
  title={Continuous aerial path planning for 3D urban scene reconstruction.},
  author={Zhang, Han and Yao, Yucong and Xie, Ke and Fu, Chi-Wing and Zhang, Hao and Huang, Hui},
  journal={ACM Trans. Graph.},
  volume={40},
  number={6},
  pages={225--1},
  year={2021}
}

%first fly
@article{yan2021sampling,
  title={Sampling-based path planning for high-quality aerial 3D reconstruction of urban scenes},
  author={Yan, Feihu and Xia, Enyong and Li, Zhaoxin and Zhou, Zhong},
  journal={Remote Sensing},
  volume={13},
  number={5},
  pages={989},
  year={2021},
  publisher={MDPI}
}

%satellite images map data
@article{zhou2020offsite,
  title={Offsite aerial path planning for efficient urban scene reconstruction},
  author={Zhou, Xiaohui and Xie, Ke and Huang, Kai and Liu, Yilin and Zhou, Yang and Gong, Minglun and Huang, Hui},
  journal={ACM Transactions on Graphics (TOG)},
  volume={39},
  number={6},
  pages={1--16},
  year={2020},
  publisher={ACM New York, NY, USA}
}

%%%% coverage based

%% heuristics

@inproceedings{roberts2017submodular,
  title={Submodular trajectory optimization for aerial 3d scanning},
  author={Roberts, Mike and Dey, Debadeepta and Truong, Anh and Sinha, Sudipta and Shah, Shital and Kapoor, Ashish and Hanrahan, Pat and Joshi, Neel},
  booktitle={Proceedings of the IEEE International Conference on Computer Vision},
  pages={5324--5333},
  year={2017}
}


%%% information gain based

@article{hepp2018plan3d,
  title={Plan3d: Viewpoint and trajectory optimization for aerial multi-view stereo reconstruction},
  author={Hepp, Benjamin and Nie{\ss}ner, Matthias and Hilliges, Otmar},
  journal={ACM Transactions on Graphics (TOG)},
  volume={38},
  number={1},
  pages={1--17},
  year={2018},
  publisher={ACM New York, NY, USA}
}



@article{ran2023neurar,
  title={Neurar: Neural uncertainty for autonomous 3d reconstruction with implicit neural representations},
  author={Ran, Yunlong and Zeng, Jing and He, Shibo and Chen, Jiming and Li, Lincheng and Chen, Yingfeng and Lee, Gimhee and Ye, Qi},
  journal={IEEE Robotics and Automation Letters},
  volume={8},
  number={2},
  pages={1125--1132},
  year={2023},
  publisher={IEEE}
}


@INPROCEEDINGS{9340916,
  author={Zeng, Rui and Zhao, Wang and Liu, Yong-Jin},
  booktitle={2020 IEEE/RSJ International Conference on Intelligent Robots and Systems (IROS)}, 
  title={PC-NBV: A Point Cloud Based Deep Network for Efficient Next Best View Planning}, 
  year={2020},
  volume={},
  number={},
  pages={7050-7057},
  keywords={Casting;Three-dimensional displays;Neural networks;Sensor systems;Planning;Trajectory;Task analysis},
  doi={10.1109/IROS45743.2020.9340916}}

@inproceedings{deitke2023objaverse,
  title={Objaverse: A universe of annotated 3d objects},
  author={Deitke, Matt and Schwenk, Dustin and Salvador, Jordi and Weihs, Luca and Michel, Oscar and VanderBilt, Eli and Schmidt, Ludwig and Ehsani, Kiana and Kembhavi, Aniruddha and Farhadi, Ali},
  booktitle={Proceedings of the IEEE/CVF Conference on Computer Vision and Pattern Recognition},
  pages={13142--13153},
  year={2023}
}

@inproceedings{wu2023omniobject3d,
  title={Omniobject3d: Large-vocabulary 3d object dataset for realistic perception, reconstruction and generation},
  author={Wu, Tong and Zhang, Jiarui and Fu, Xiao and Wang, Yuxin and Ren, Jiawei and Pan, Liang and Wu, Wayne and Yang, Lei and Wang, Jiaqi and Qian, Chen and others},
  booktitle={Proceedings of the IEEE/CVF Conference on Computer Vision and Pattern Recognition},
  pages={803--814},
  year={2023}
}

@article{zhang2024furniscene,
  title={Furniscene: A large-scale 3d room dataset with intricate furnishing scenes},
  author={Zhang, Genghao and Wang, Yuxi and Luo, Chuanchen and Xu, Shibiao and Peng, Junran and Zhang, Zhaoxiang and Zhang, Man},
  journal={arXiv preprint arXiv:2401.03470},
  year={2024}
}

@article{ramakrishnan2021habitat,
  title={Habitat-matterport 3d dataset (hm3d): 1000 large-scale 3d environments for embodied ai},
  author={Ramakrishnan, Santhosh K and Gokaslan, Aaron and Wijmans, Erik and Maksymets, Oleksandr and Clegg, Alex and Turner, John and Undersander, Eric and Galuba, Wojciech and Westbury, Andrew and Chang, Angel X and others},
  journal={arXiv preprint arXiv:2109.08238},
  year={2021}
}

@inproceedings{irshad2023neo,
  title={Neo 360: Neural fields for sparse view synthesis of outdoor scenes},
  author={Irshad, Muhammad Zubair and Zakharov, Sergey and Liu, Katherine and Guizilini, Vitor and Kollar, Thomas and Gaidon, Adrien and Kira, Zsolt and Ambrus, Rares},
  booktitle={Proceedings of the IEEE/CVF International Conference on Computer Vision},
  pages={9187--9198},
  year={2023}
}

@inproceedings{UrbanScene3D,
title={Capturing, Reconstructing, and Simulating: the UrbanScene3D Dataset},
author={Liqiang Lin and Yilin Liu and Yue Hu and Xingguang Yan and Ke Xie and Hui Huang},
booktitle={ECCV},
pages = {93--109},
year={2022},
}

@article{liu2024mvsgaussian,
      title={MVSGaussian: Fast Generalizable Gaussian Splatting Reconstruction from Multi-View Stereo},
      author={Liu, Tianqi and Wang, Guangcong and Hu, Shoukang and Shen, Liao and Ye, Xinyi and Zang, Yuhang and Cao, Zhiguo and Li, Wei and Liu, Ziwei},
      journal={arXiv preprint arXiv:2405.12218},
      year={2024}
    }

@article{Beltagy2020Longformer,
  title={Longformer: The Long-Document Transformer},
  author={Iz Beltagy and Matthew E. Peters and Arman Cohan},
  journal={arXiv:2004.05150},
  year={2020},
}




%%% Aim 2 bibs %%%%

@inproceedings{shridhar2020alfred,
  title={Alfred: A benchmark for interpreting grounded instructions for everyday tasks},
  author={Shridhar, Mohit and Thomason, Jesse and Gordon, Daniel and Bisk, Yonatan and Han, Winson and Mottaghi, Roozbeh and Zettlemoyer, Luke and Fox, Dieter},
  booktitle={Proceedings of the IEEE/CVF conference on computer vision and pattern recognition},
  pages={10740--10749},
  year={2020}
}

@article{zhang2024task,
  title={Task-oriented sequential grounding in 3d scenes},
  author={Zhang, Zhuofan and Zhu, Ziyu and Li, Pengxiang and Liu, Tengyu and Ma, Xiaojian and Chen, Yixin and Jia, Baoxiong and Huang, Siyuan and Li, Qing},
  journal={arXiv preprint arXiv:2408.04034},
  year={2024}
}

@inproceedings{savva2019habitat,
  title={Habitat: A platform for embodied ai research},
  author={Savva, Manolis and Kadian, Abhishek and Maksymets, Oleksandr and Zhao, Yili and Wijmans, Erik and Jain, Bhavana and Straub, Julian and Liu, Jia and Koltun, Vladlen and Malik, Jitendra and others},
  booktitle={Proceedings of the IEEE/CVF international conference on computer vision},
  pages={9339--9347},
  year={2019}
}


@inproceedings{sigurdsson2018actor,
  title={Actor and observer: Joint modeling of first and third-person videos},
  author={Sigurdsson, Gunnar A and Gupta, Abhinav and Schmid, Cordelia and Farhadi, Ali and Alahari, Karteek},
  booktitle={proceedings of the IEEE conference on computer vision and pattern recognition},
  pages={7396--7404},
  year={2018}
}

@inproceedings{bahl2023affordances,
  title={Affordances from Human Videos as a Versatile Representation for Robotics},
  author={Bahl, Shikhar and Mendonca, Russell and Chen, Lili and Jain, Unnat and Pathak, Deepak},
  booktitle={Proceedings of the IEEE/CVF Conference on Computer Vision and Pattern Recognition},
  pages={13778--13790},
  year={2023}
}

@InProceedings{DeTone_2018_CVPR_Workshops,
author = {DeTone, Daniel and Malisiewicz, Tomasz and Rabinovich, Andrew},
title = {SuperPoint: Self-Supervised Interest Point Detection and Description},
booktitle = {Proceedings of the IEEE Conference on Computer Vision and Pattern Recognition (CVPR) Workshops},
month = {June},
year = {2018}
}

@inproceedings{sarlin2020superglue,
  title={Superglue: Learning feature matching with graph neural networks},
  author={Sarlin, Paul-Edouard and DeTone, Daniel and Malisiewicz, Tomasz and Rabinovich, Andrew},
  booktitle={Proceedings of the IEEE/CVF conference on computer vision and pattern recognition},
  pages={4938--4947},
  year={2020}
}

@article{chojnacki2003revisiting,
  title={Revisiting Hartley's normalized eight-point algorithm},
  author={Chojnacki, Wojciech and Brooks, Michael J},
  journal={IEEE transactions on pattern analysis and machine intelligence},
  volume={25},
  number={9},
  pages={1172--1177},
  year={2003},
  publisher={IEEE}
}

@inproceedings{gu2020cascade,
  title={Cascade cost volume for high-resolution multi-view stereo and stereo matching},
  author={Gu, Xiaodong and Fan, Zhiwen and Zhu, Siyu and Dai, Zuozhuo and Tan, Feitong and Tan, Ping},
  booktitle={Proceedings of the IEEE/CVF conference on computer vision and pattern recognition},
  pages={2495--2504},
  year={2020}
}


@inproceedings{song2023llm,
  title={Llm-planner: Few-shot grounded planning for embodied agents with large language models},
  author={Song, Chan Hee and Wu, Jiaman and Washington, Clayton and Sadler, Brian M and Chao, Wei-Lun and Su, Yu},
  booktitle={Proceedings of the IEEE/CVF International Conference on Computer Vision},
  pages={2998--3009},
  year={2023}
}

@article{hu2023look,
  title={Look before you leap: Unveiling the power of gpt-4v in robotic vision-language planning},
  author={Hu, Yingdong and Lin, Fanqi and Zhang, Tong and Yi, Li and Gao, Yang},
  journal={arXiv preprint arXiv:2311.17842},
  year={2023}
}

@inproceedings{li2023blip,
  title={Blip-2: Bootstrapping language-image pre-training with frozen image encoders and large language models},
  author={Li, Junnan and Li, Dongxu and Savarese, Silvio and Hoi, Steven},
  booktitle={International conference on machine learning},
  pages={19730--19742},
  year={2023},
  organization={PMLR}
}

@article{oquab2023dinov2,
  title={Dinov2: Learning robust visual features without supervision},
  author={Oquab, Maxime and Darcet, Timoth{\'e}e and Moutakanni, Th{\'e}o and Vo, Huy and Szafraniec, Marc and Khalidov, Vasil and Fernandez, Pierre and Haziza, Daniel and Massa, Francisco and El-Nouby, Alaaeldin and others},
  journal={arXiv preprint arXiv:2304.07193},
  year={2023}
}

@article{ravi2024sam,
  title={Sam 2: Segment anything in images and videos},
  author={Ravi, Nikhila and Gabeur, Valentin and Hu, Yuan-Ting and Hu, Ronghang and Ryali, Chaitanya and Ma, Tengyu and Khedr, Haitham and R{\"a}dle, Roman and Rolland, Chloe and Gustafson, Laura and others},
  journal={arXiv preprint arXiv:2408.00714},
  year={2024}
}

@article{hassanin2021visual,
  title={Visual affordance and function understanding: A survey},
  author={Hassanin, Mohammed and Khan, Salman and Tahtali, Murat},
  journal={ACM Computing Surveys (CSUR)},
  volume={54},
  number={3},
  pages={1--35},
  year={2021},
  publisher={ACM New York, NY, USA}
}

@article{wu2023embodied,
  title={Embodied task planning with large language models},
  author={Wu, Zhenyu and Wang, Ziwei and Xu, Xiuwei and Lu, Jiwen and Yan, Haibin},
  journal={arXiv preprint arXiv:2307.01848},
  year={2023}
}

@article{wu2023embodied,
  title={Embodied task planning with large language models},
  author={Wu, Zhenyu and Wang, Ziwei and Xu, Xiuwei and Lu, Jiwen and Yan, Haibin},
  journal={arXiv preprint arXiv:2307.01848},
  year={2023}
}

@inproceedings{schonberger2016structure,
  title={Structure-from-motion revisited},
  author={Schonberger, Johannes L and Frahm, Jan-Michael},
  booktitle={Proceedings of the IEEE conference on computer vision and pattern recognition},
  pages={4104--4113},
  year={2016}
}

@inproceedings{yin2021learning,
  title={Learning to recover 3d scene shape from a single image},
  author={Yin, Wei and Zhang, Jianming and Wang, Oliver and Niklaus, Simon and Mai, Long and Chen, Simon and Shen, Chunhua},
  booktitle={Proceedings of the IEEE/CVF Conference on Computer Vision and Pattern Recognition},
  pages={204--213},
  year={2021}
}

@article{sarullo2020zero,
  title={Zero-shot human-object interaction recognition via affordance graphs},
  author={Sarullo, Alessio and Mu, Tingting},
  journal={arXiv preprint arXiv:2009.01039},
  year={2020}
}

@inproceedings{tan2019object,
  title={Object Affordances Graph Network for Action Recognition.},
  author={Tan, Haoliang and Le Wang 0003 and Zhang, Qilin and Gao, Zhanning and Zheng, Nanning and Hua, Gang},
  booktitle={BMVC},
  pages={145},
  year={2019}
}

@article{yu2022precise,
  title={Precise Affordance Annotation for Egocentric Action Video Datasets},
  author={Yu, Zecheng and Huang, Yifei and Furuta, Ryosuke and Yagi, Takuma and Goutsu, Yusuke and Sato, Yoichi},
  journal={arXiv preprint arXiv:2206.05424},
  year={2022}
}

@article{ryoo2021tokenlearner,
  title={Tokenlearner: What can 8 learned tokens do for images and videos?},
  author={Ryoo, Michael S and Piergiovanni, AJ and Arnab, Anurag and Dehghani, Mostafa and Angelova, Anelia},
  journal={arXiv preprint arXiv:2106.11297},
  year={2021}
}

@inproceedings{kahatapitiya2023weakly,
  title={Weakly-Guided Self-Supervised Pretraining for Temporal Activity Detection},
  author={Kahatapitiya, Kumara and Ren, Zhou and Li, Haoxiang and Wu, Zhenyu and Ryoo, Michael S and Hua, Gang},
  booktitle={Proceedings of the AAAI Conference on Artificial Intelligence},
  volume={37},
  number={1},
  pages={1078--1086},
  year={2023}
}

@article{ullah2020brief,
  title={A brief survey of visual saliency detection},
  author={Ullah, Inam and Jian, Muwei and Hussain, Sumaira and Guo, Jie and Yu, Hui and Wang, Xing and Yin, Yilong},
  journal={Multimedia Tools and Applications},
  volume={79},
  pages={34605--34645},
  year={2020},
  publisher={Springer}
}

@inproceedings{hermans2011affordance,
  title={Affordance prediction via learned object attributes},
  author={Hermans, Tucker and Rehg, James M and Bobick, Aaron},
  booktitle={IEEE international conference on robotics and automation (ICRA): Workshop on semantic perception, mapping, and exploration},
  pages={181--184},
  year={2011},
  organization={Citeseer}
}

@inproceedings{miech2019howto100m,
  title={Howto100m: Learning a text-video embedding by watching hundred million narrated video clips},
  author={Miech, Antoine and Zhukov, Dimitri and Alayrac, Jean-Baptiste and Tapaswi, Makarand and Laptev, Ivan and Sivic, Josef},
  booktitle={Proceedings of the IEEE/CVF international conference on computer vision},
  pages={2630--2640},
  year={2019}
}

@article{carreira2018short,
  title={A short note about kinetics-600},
  author={Carreira, Joao and Noland, Eric and Banki-Horvath, Andras and Hillier, Chloe and Zisserman, Andrew},
  journal={arXiv preprint arXiv:1808.01340},
  year={2018}
}

@inproceedings{radford2021learning,
  title={Learning transferable visual models from natural language supervision},
  author={Radford, Alec and Kim, Jong Wook and Hallacy, Chris and Ramesh, Aditya and Goh, Gabriel and Agarwal, Sandhini and Sastry, Girish and Askell, Amanda and Mishkin, Pamela and Clark, Jack and others},
  booktitle={International conference on machine learning},
  pages={8748--8763},
  year={2021},
  organization={PMLR}
}

@inproceedings{perez2018film,
  title={Film: Visual reasoning with a general conditioning layer},
  author={Perez, Ethan and Strub, Florian and De Vries, Harm and Dumoulin, Vincent and Courville, Aaron},
  booktitle={Proceedings of the AAAI conference on artificial intelligence},
  volume={32},
  number={1},
  year={2018}
}

@article{krueger2017bayesian,
  title={Bayesian hypernetworks},
  author={Krueger, David and Huang, Chin-Wei and Islam, Riashat and Turner, Ryan and Lacoste, Alexandre and Courville, Aaron},
  journal={arXiv preprint arXiv:1710.04759},
  year={2017}
}

%%Datasets %%

@inproceedings{dai2017scannet,
  title={Scannet: Richly-annotated 3d reconstructions of indoor scenes},
  author={Dai, Angela and Chang, Angel X and Savva, Manolis and Halber, Maciej and Funkhouser, Thomas and Nie{\ss}ner, Matthias},
  booktitle={Proceedings of the IEEE conference on computer vision and pattern recognition},
  pages={5828--5839},
  year={2017}
}

@article{replica19arxiv,
  title =   {The {R}eplica Dataset: A Digital Replica of Indoor Spaces},
  author =  {Julian Straub and Thomas Whelan and Lingni Ma and Yufan Chen and Erik Wijmans and Simon Green and Jakob J. Engel and Raul Mur-Artal and Carl Ren and Shobhit Verma and Anton Clarkson and Mingfei Yan and Brian Budge and Yajie Yan and Xiaqing Pan and June Yon and Yuyang Zou and Kimberly Leon and Nigel Carter and Jesus Briales and  Tyler Gillingham and  Elias Mueggler and Luis Pesqueira and Manolis Savva and Dhruv Batra and Hauke M. Strasdat and Renzo De Nardi and Michael Goesele and Steven Lovegrove and Richard Newcombe },
  journal = {arXiv preprint arXiv:1906.05797},
  year =    {2019}
}

@article{li2018interiornet,
  title={Interiornet: Mega-scale multi-sensor photo-realistic indoor scenes dataset},
  author={Li, Wenbin and Saeedi, Sajad and McCormac, John and Clark, Ronald and Tzoumanikas, Dimos and Ye, Qing and Huang, Yuzhong and Tang, Rui and Leutenegger, Stefan},
  journal={arXiv preprint arXiv:1809.00716},
  year={2018}
}

@inproceedings{roberts2021hypersim,
  title={Hypersim: A photorealistic synthetic dataset for holistic indoor scene understanding},
  author={Roberts, Mike and Ramapuram, Jason and Ranjan, Anurag and Kumar, Atulit and Bautista, Miguel Angel and Paczan, Nathan and Webb, Russ and Susskind, Joshua M},
  booktitle={Proceedings of the IEEE/CVF international conference on computer vision},
  pages={10912--10922},
  year={2021}
}

@article{aanaes2016large,
  title={Large-Scale Data for Multiple-View Stereopsis},
  author={Aan{\ae}s, Henrik and Jensen, Rasmus Ramsb{\o}l and Vogiatzis, George and Tola, Engin and Dahl, Anders Bjorholm},
  journal={International Journal of Computer Vision},
  pages={1--16},
  year={2016},
  publisher={Springer}
}


@inproceedings{handa2016scenenet,
  title={Scenenet: An annotated model generator for indoor scene understanding},
  author={Handa, Ankur and P{\u{a}}tr{\u{a}}ucean, Viorica and Stent, Simon and Cipolla, Roberto},
  booktitle={2016 IEEE International Conference on Robotics and Automation (ICRA)},
  pages={5737--5743},
  year={2016},
  organization={IEEE}
}

@inproceedings{mccormac2017scenenet,
  title={Scenenet rgb-d: Can 5m synthetic images beat generic imagenet pre-training on indoor segmentation?},
  author={McCormac, John and Handa, Ankur and Leutenegger, Stefan and Davison, Andrew J},
  booktitle={Proceedings of the IEEE International Conference on Computer Vision},
  pages={2678--2687},
  year={2017}
}

@article{qi2017pointnet++,
  title={Pointnet++: Deep hierarchical feature learning on point sets in a metric space},
  author={Qi, Charles Ruizhongtai and Yi, Li and Su, Hao and Guibas, Leonidas J},
  journal={Advances in neural information processing systems},
  volume={30},
  year={2017}
}

@article{cui2021deep,
  title={Deep learning for image and point cloud fusion in autonomous driving: A review},
  author={Cui, Yaodong and Chen, Ren and Chu, Wenbo and Chen, Long and Tian, Daxin and Li, Ying and Cao, Dongpu},
  journal={IEEE Transactions on Intelligent Transportation Systems},
  volume={23},
  number={2},
  pages={722--739},
  year={2021},
  publisher={IEEE}
}

@inproceedings{donne2019learning,
  title={Learning non-volumetric depth fusion using successive reprojections},
  author={Donne, Simon and Geiger, Andreas},
  booktitle={Proceedings of the IEEE/CVF Conference on Computer Vision and Pattern Recognition},
  pages={7634--7643},
  year={2019}
}

@inproceedings{wu2020scfusion,
  title={Scfusion: Real-time incremental scene reconstruction with semantic completion},
  author={Wu, Shun-Cheng and Tateno, Keisuke and Navab, Nassir and Tombari, Federico},
  booktitle={2020 International Conference on 3D Vision (3DV)},
  pages={801--810},
  year={2020},
  organization={IEEE}
}

@inproceedings{gao2023visfusion,
  title={VisFusion: Visibility-aware Online 3D Scene Reconstruction from Videos},
  author={Gao, Huiyu and Mao, Wei and Liu, Miaomiao},
  booktitle={Proceedings of the IEEE/CVF Conference on Computer Vision and Pattern Recognition},
  pages={17317--17326},
  year={2023}
}

@inproceedings{keller2013real,
  title={Real-time 3d reconstruction in dynamic scenes using point-based fusion},
  author={Keller, Maik and Lefloch, Damien and Lambers, Martin and Izadi, Shahram and Weyrich, Tim and Kolb, Andreas},
  booktitle={2013 International Conference on 3D Vision-3DV 2013},
  pages={1--8},
  year={2013},
  organization={IEEE}
}

@inproceedings{newcombe2015dynamicfusion,
  title={Dynamicfusion: Reconstruction and tracking of non-rigid scenes in real-time},
  author={Newcombe, Richard A and Fox, Dieter and Seitz, Steven M},
  booktitle={Proceedings of the IEEE conference on computer vision and pattern recognition},
  pages={343--352},
  year={2015}
}

@inproceedings{palazzolo2019refusion,
  title={ReFusion: 3D reconstruction in dynamic environments for RGB-D cameras exploiting residuals},
  author={Palazzolo, Emanuele and Behley, Jens and Lottes, Philipp and Giguere, Philippe and Stachniss, Cyrill},
  booktitle={2019 IEEE/RSJ International Conference on Intelligent Robots and Systems (IROS)},
  pages={7855--7862},
  year={2019},
  organization={IEEE}
}

@inproceedings{van2019sparse,
  title={Sparse and noisy lidar completion with rgb guidance and uncertainty},
  author={Van Gansbeke, Wouter and Neven, Davy and De Brabandere, Bert and Van Gool, Luc},
  booktitle={2019 16th international conference on machine vision applications (MVA)},
  pages={1--6},
  year={2019},
  organization={IEEE}
}

@inproceedings{poggi2020uncertainty,
  title={On the uncertainty of self-supervised monocular depth estimation},
  author={Poggi, Matteo and Aleotti, Filippo and Tosi, Fabio and Mattoccia, Stefano},
  booktitle={Proceedings of the IEEE/CVF Conference on Computer Vision and Pattern Recognition},
  pages={3227--3237},
  year={2020}
}

@inproceedings{ke2021deep,
  title={Deep multi-view depth estimation with predicted uncertainty},
  author={Ke, Tong and Do, Tien and Vuong, Khiem and Sartipi, Kourosh and Roumeliotis, Stergios I},
  booktitle={2021 IEEE International Conference on Robotics and Automation (ICRA)},
  pages={9235--9241},
  year={2021},
  organization={IEEE}
}

@inproceedings{liu2019neural,
  title={Neural rgb (r) d sensing: Depth and uncertainty from a video camera},
  author={Liu, Chao and Gu, Jinwei and Kim, Kihwan and Narasimhan, Srinivasa G and Kautz, Jan},
  booktitle={Proceedings of the IEEE/CVF Conference on Computer Vision and Pattern Recognition},
  pages={10986--10995},
  year={2019}
}

@article{brose2010role,
  title={The role of assistive robotics in the lives of persons with disability},
  author={Brose, Steven W and Weber, Douglas J and Salatin, Ben A and Grindle, Garret G and Wang, Hongwu and Vazquez, Juan J and Cooper, Rory A},
  journal={American Journal of Physical Medicine \& Rehabilitation},
  volume={89},
  number={6},
  pages={509--521},
  year={2010},
  publisher={LWW}
}

@inproceedings{christoforou2020overview,
  title={An overview of assistive robotics and technologies for elderly care},
  author={Christoforou, Eftychios G and Panayides, Andreas S and Avgousti, Sotiris and Masouras, Panicos and Pattichis, Constantinos S},
  booktitle={XV Mediterranean Conference on Medical and Biological Engineering and Computing--MEDICON 2019: Proceedings of MEDICON 2019, September 26-28, 2019, Coimbra, Portugal},
  pages={971--976},
  year={2020},
  organization={Springer}
}

@article{arthanat2020caregiver,
  title={Caregiver perspectives on a smart home-based socially assistive robot for individuals with Alzheimerâs disease and related dementia},
  author={Arthanat, Sajay and Begum, Momotaz and Gu, Tianyi and LaRoche, Dain P and Xu, Dongpeng and Zhang, Naiqian},
  journal={Disability and Rehabilitation: Assistive Technology},
  volume={15},
  number={7},
  pages={789--798},
  year={2020},
  publisher={Taylor \& Francis}
}
]
@article{johnson2014socially,
  title={Socially assistive robots: a comprehensive approach to extending independent living},
  author={Johnson, David O and Cuijpers, Raymond H and Juola, James F and Torta, Elena and Simonov, Mikhail and Frisiello, Antonella and Bazzani, Marco and Yan, Wenjie and Weber, Cornelius and Wermter, Stefan and others},
  journal={International journal of social robotics},
  volume={6},
  pages={195--211},
  year={2014},
  publisher={Springer}
}



@misc{const_stats,
    year = {2018},
    title = {Construction Safety - 21\% Of All Work Deaths In The US Were In Construction},
    url = {https://www.imectechnologies.com/2018/07/30/construction-safety-21-of-all-work-deaths-in-the-us-were-in-construction/},
    note = {Written July 30, 2018} 
}

@misc{drone_insp,
    year = {2023},
    title = {How Are Drones Used for Infrastructure Inspection?},
    url = {https://www.skydio.com/blog/how-are-drones-used-for-infrastructure-inspection#:~:text=Drones%20can%20cover%20large%20areas,data%20when%20we%20need%20it.%E2%80%9D},
    note = {Written March 28, 2023} 
}


@misc{drone_search,
  title = {How Drones Are Used for Search and Rescue},
  howpublished = {\url{https://www.skydio.com/blog/how-to-use-drones-for-search-and-rescue}},
  note = {Written JUNE 29, 2023}
}

@inproceedings{tekin2019h+,
  title={H+ o: Unified egocentric recognition of 3d hand-object poses and interactions},
  author={Tekin, Bugra and Bogo, Federica and Pollefeys, Marc},
  booktitle={Proceedings of the IEEE/CVF conference on computer vision and pattern recognition},
  pages={4511--4520},
  year={2019}
}

@inproceedings{goyal2022human,
  title={Human hands as probes for interactive object understanding},
  author={Goyal, Mohit and Modi, Sahil and Goyal, Rishabh and Gupta, Saurabh},
  booktitle={Proceedings of the IEEE/CVF Conference on Computer Vision and Pattern Recognition},
  pages={3293--3303},
  year={2022}
}

@article{abdelrahman2022l2cs,
  title={L2CS-Net: fine-grained gaze estimation in unconstrained environments},
  author={Abdelrahman, Ahmed A and Hempel, Thorsten and Khalifa, Aly and Al-Hamadi, Ayoub},
  journal={arXiv preprint arXiv:2203.03339},
  year={2022}
}

@article{graham2015sparse,
  title={Sparse 3D convolutional neural networks},
  author={Graham, Ben},
  journal={arXiv preprint arXiv:1505.02890},
  year={2015}
}

@inproceedings{jing2016view,
  title={View planning for 3d shape reconstruction of buildings with unmanned aerial vehicles},
  author={Jing, Wei and Polden, Joseph and Tao, Pey Yuen and Lin, Wei and Shimada, Kenji},
  booktitle={2016 14th International Conference on Control, Automation, Robotics and Vision (ICARCV)},
  pages={1--6},
  year={2016},
  organization={IEEE}
}

@article{pito1999solution,
  title={A solution to the next best view problem for automated surface acquisition},
  author={Pito, Richard},
  journal={IEEE Transactions on pattern analysis and machine intelligence},
  volume={21},
  number={10},
  pages={1016--1030},
  year={1999},
  publisher={IEEE}
}

@article{mendoza2020supervised,
  title={Supervised learning of the next-best-view for 3d object reconstruction},
  author={Mendoza, Miguel and Vasquez-Gomez, J Irving and Taud, Hind and Sucar, L Enrique and Reta, Carolina},
  journal={Pattern Recognition Letters},
  volume={133},
  pages={224--231},
  year={2020},
  publisher={Elsevier}
}

@inproceedings{yin2021center,
  title={Center-based 3d object detection and tracking},
  author={Yin, Tianwei and Zhou, Xingyi and Krahenbuhl, Philipp},
  booktitle={Proceedings of the IEEE/CVF conference on computer vision and pattern recognition},
  pages={11784--11793},
  year={2021}
}

@article{hu2022monocular,
  title={Monocular quasi-dense 3d object tracking},
  author={Hu, Hou-Ning and Yang, Yung-Hsu and Fischer, Tobias and Darrell, Trevor and Yu, Fisher and Sun, Min},
  journal={IEEE Transactions on Pattern Analysis and Machine Intelligence},
  volume={45},
  number={2},
  pages={1992--2008},
  year={2022},
  publisher={IEEE}
}

@inproceedings{hester2018deep,
  title={Deep q-learning from demonstrations},
  author={Hester, Todd and Vecerik, Matej and Pietquin, Olivier and Lanctot, Marc and Schaul, Tom and Piot, Bilal and Horgan, Dan and Quan, John and Sendonaris, Andrew and Osband, Ian and others},
  booktitle={Proceedings of the AAAI conference on artificial intelligence},
  volume={32},
  number={1},
  year={2018}
}

@inproceedings{gu2016continuous,
  title={Continuous deep q-learning with model-based acceleration},
  author={Gu, Shixiang and Lillicrap, Timothy and Sutskever, Ilya and Levine, Sergey},
  booktitle={International conference on machine learning},
  pages={2829--2838},
  year={2016},
  organization={PMLR}
}

@article{schulman2017proximal,
  title={Proximal policy optimization algorithms},
  author={Schulman, John and Wolski, Filip and Dhariwal, Prafulla and Radford, Alec and Klimov, Oleg},
  journal={arXiv preprint arXiv:1707.06347},
  year={2017}
}


@article{wei2022chain,
  title={Chain-of-thought prompting elicits reasoning in large language models},
  author={Wei, Jason and Wang, Xuezhi and Schuurmans, Dale and Bosma, Maarten and Xia, Fei and Chi, Ed and Le, Quoc V and Zhou, Denny and others},
  journal={Advances in neural information processing systems},
  volume={35},
  pages={24824--24837},
  year={2022}
}

@article{cao2024mvsformer++,
  title={MVSFormer++: Revealing the Devil in Transformer's Details for Multi-View Stereo},
  author={Cao, Chenjie and Ren, Xinlin and Fu, Yanwei},
  journal={arXiv preprint arXiv:2401.11673},
  year={2024}
}

@inproceedings{weng20193d,
  title={3d multi-object tracking: A baseline and new evaluation metrics. In 2020 IEEE},
  author={Weng, Xinshuo and Wang, Jianren and Held, David and Kitani, Kris},
  booktitle={RSJ international conference on intelligent robots and systems (IROS)},
  pages={10359--10366},
  year={2019}
}



@article{koppula2024tapvid,
  title={Tapvid-3d: A benchmark for tracking any point in 3d},
  author={Koppula, Skanda and Rocco, Ignacio and Yang, Yi and Heyward, Joe and Carreira, Jo{\~a}o and Zisserman, Andrew and Brostow, Gabriel and Doersch, Carl},
  journal={arXiv preprint arXiv:2407.05921},
  year={2024}
}

@inproceedings{xiao2024spatialtracker,
  title={SpatialTracker: Tracking Any 2D Pixels in 3D Space},
  author={Xiao, Yuxi and Wang, Qianqian and Zhang, Shangzhan and Xue, Nan and Peng, Sida and Shen, Yujun and Zhou, Xiaowei},
  booktitle={Proceedings of the IEEE/CVF Conference on Computer Vision and Pattern Recognition},
  pages={20406--20417},
  year={2024}
}


@article{luiten2023dynamic,
  title={Dynamic 3d gaussians: Tracking by persistent dynamic view synthesis},
  author={Luiten, Jonathon and Kopanas, Georgios and Leibe, Bastian and Ramanan, Deva},
  journal={arXiv preprint arXiv:2308.09713},
  year={2023}
}


@inproceedings{zeng2020pc,
  title={Pc-nbv: A point cloud based deep network for efficient next best view planning},
  author={Zeng, Rui and Zhao, Wang and Liu, Yong-Jin},
  booktitle={2020 IEEE/RSJ International Conference on Intelligent Robots and Systems (IROS)},
  pages={7050--7057},
  year={2020},
  organization={IEEE}
}

@inproceedings{pan2022activenerf,
  title={Activenerf: Learning where to see with uncertainty estimation},
  author={Pan, Xuran and Lai, Zihang and Song, Shiji and Huang, Gao},
  booktitle={European Conference on Computer Vision},
  pages={230--246},
  year={2022},
  organization={Springer}
}


@article{guedon2022scone,
  title={Scone: Surface coverage optimization in unknown environments by volumetric integration},
  author={Gu\'edon, Antoine and Monasse, Pascal and Lepetit, Vincent},
  journal={Advances in Neural Information Processing Systems},
  volume={35},
  pages={20731--20743},
  year={2022}
}

@inproceedings{dhami2023pred,
  title={Pred-nbv: Prediction-guided next-best-view planning for 3d object reconstruction},
  author={Dhami, Harnaik and Sharma, Vishnu D and Tokekar, Pratap},
  booktitle={2023 IEEE/RSJ International Conference on Intelligent Robots and Systems (IROS)},
  pages={7149--7154},
  year={2023},
  organization={IEEE}
}



@inproceedings{dunn2009developing,
  title={Developing visual sensing strategies through next best view planning},
  author={Dunn, Enrique and Van Den Berg, Jur and Frahm, Jan-Michael},
  booktitle={2009 IEEE/RSJ International Conference on Intelligent Robots and Systems},
  pages={4001--4008},
  year={2009},
  organization={IEEE}
}

@inproceedings{dunn2009next,
  title={Next Best View Planning for Active Model Improvement.},
  author={Dunn, Enrique and Frahm, Jan-Michael},
  booktitle={BMVC},
  pages={1--11},
  year={2009}
}

@article{smith2022uncertainty,
  title={Uncertainty-Driven Active Vision for Implicit Scene Reconstruction},
  author={Smith, Edward J and Drozdzal, Michal and Nowrouzezahrai, Derek and Meger, David and Romero-Soriano, Adriana},
  journal={arXiv preprint arXiv:2210.00978},
  year={2022}
}

@inproceedings{guedon2023macarons,
    title={{MACARONS: Mapping And Coverage Anticipation with RGB ONline Self-supervision}},
    author={GuÃÂ©don, Antoine and Monnier, Tom and Monasse, Pascal and Lepetit, Vincent},
    booktitle={{CVPR}},
    year={2023},
}

@article{lee2023so,
title={SO-NeRF: Active View Planning for NeRF using Surrogate Objectives},
author={Lee, Keifer and Gupta, Shubham and Kim, Sunglyoung and Makwana, Bhargav and Chen, Chao and Feng, Chen},
journal={arXiv preprint arXiv:2312.03266},
year={2023}
} 

@inproceedings{chen2024gennbv,
  title={GenNBV: Generalizable Next-Best-View Policy for Active 3D Reconstruction},
  author={Chen, Xiao and Li, Quanyi and Wang, Tai and Xue, Tianfan and Pang, Jiangmiao},
  booktitle={Proceedings of the IEEE/CVF Conference on Computer Vision and Pattern Recognition},
  pages={16436--16445},
  year={2024}
}


%%%% My references %%%%%%%%%%%%%%
@article{sengupta2018solving,
  title={Solving uncalibrated photometric stereo using fewer images by jointly optimizing low-rank matrix completion and integrability},
  author={Sengupta, Soumyadip and Zhou, Hao and Forkel, Walter and Basri, Ronen and Goldstein, Tom and Jacobs, David},
  journal={Journal of Mathematical Imaging and Vision},
  volume={60},
  pages={563--575},
  year={2018},
  publisher={Springer}
}


@inproceedings{sengupta2018sfsnet,
  title={Sfsnet: Learning shape, reflectance and illuminance of facesin the wild'},
  author={Sengupta, Soumyadip and Kanazawa, Angjoo and Castillo, Carlos D and Jacobs, David W},
  booktitle={Proceedings of the IEEE conference on computer vision and pattern recognition},
  pages={6296--6305},
  year={2018}
}

@InProceedings{Sengupta_2017_CVPR,
author = {Sengupta, Soumyadip and Amir, Tal and Galun, Meirav and Goldstein, Tom and Jacobs, David W. and Singer, Amit and Basri, Ronen},
title = {A New Rank Constraint on Multi-View Fundamental Matrices, and Its Application to Camera Location Recovery},
booktitle = {Proceedings of the IEEE Conference on Computer Vision and Pattern Recognition (CVPR)},
month = {July},
year = {2017}
}


@inproceedings{sengupta2019neural,
  title={Neural inverse rendering of an indoor scene from a single image},
  author={Sengupta, Soumyadip and Gu, Jinwei and Kim, Kihwan and Liu, Guilin and Jacobs, David W and Kautz, Jan},
  booktitle={Proceedings of the IEEE/CVF International Conference on Computer Vision},
  pages={8598--8607},
  year={2019}
}

@InProceedings{Sengupta_2020_CVPR,
author = {Sengupta, Soumyadip and Jayaram, Vivek and Curless, Brian and Seitz, Steven M. and Kemelmacher-Shlizerman, Ira},
title = {Background Matting: The World Is Your Green Screen},
booktitle = {Proceedings of the IEEE/CVF Conference on Computer Vision and Pattern Recognition (CVPR)},
month = {June},
year = {2020}
}

@InProceedings{Lin_2021_CVPR,
    author    = {Lin, Shanchuan and Ryabtsev, Andrey and Sengupta, Soumyadip and Curless, Brian L. and Seitz, Steven M. and Kemelmacher-Shlizerman, Ira},
    title     = {Real-Time High-Resolution Background Matting},
    booktitle = {Proceedings of the IEEE/CVF Conference on Computer Vision and Pattern Recognition (CVPR)},
    month     = {June},
    year      = {2021},
    pages     = {8762-8771}
}

@InProceedings{Lin_2022_WACV,
    author    = {Lin, Shanchuan and Yang, Linjie and Saleemi, Imran and Sengupta, Soumyadip},
    title     = {Robust High-Resolution Video Matting With Temporal Guidance},
    booktitle = {Proceedings of the IEEE/CVF Winter Conference on Applications of Computer Vision (WACV)},
    month     = {January},
    year      = {2022},
    pages     = {238-247}
}

@article{wu2023measured,
  title={Measured Albedo in the Wild: Filling the Gap in Intrinsics Evaluation},
  author={Wu, Jiaye and Chowdhury, Sanjoy and Shanmugaraja, Hariharmano and Jacobs, David and Sengupta, Soumyadip},
  journal={arXiv preprint arXiv:2306.15662},
  year={2023}
}

@inproceedings{zhao2023mvpsnet,
  title={Mvpsnet: Fast generalizable multi-view photometric stereo},
  author={Zhao, Dongxu and Lichy, Daniel and Perrin, Pierre-Nicolas and Frahm, Jan-Michael and Sengupta, Soumyadip},
  booktitle={Proceedings of the IEEE/CVF International Conference on Computer Vision},
  pages={12525--12536},
  year={2023}
}

@InProceedings{Bansal_2023_CVPR,
    author    = {Bansal, Arpit and Chu, Hong-Min and Schwarzschild, Avi and Sengupta, Soumyadip and Goldblum, Micah and Geiping, Jonas and Goldstein, Tom},
    title     = {Universal Guidance for Diffusion Models},
    booktitle = {Proceedings of the IEEE/CVF Conference on Computer Vision and Pattern Recognition (CVPR) Workshops},
    month     = {June},
    year      = {2023},
    pages     = {843-852}
}

@InProceedings{Lichy_2022_CVPR,
    author    = {Lichy, Daniel and Sengupta, Soumyadip and Jacobs, David W.},
    title     = {Fast Light-Weight Near-Field Photometric Stereo},
    booktitle = {Proceedings of the IEEE/CVF Conference on Computer Vision and Pattern Recognition (CVPR)},
    month     = {June},
    year      = {2022},
    pages     = {12612-12621}
}

@InProceedings{Sengupta_2021_ICCV,
    author    = {Sengupta, Soumyadip and Curless, Brian and Kemelmacher-Shlizerman, Ira and Seitz, Steven M.},
    title     = {A Light Stage on Every Desk},
    booktitle = {Proceedings of the IEEE/CVF International Conference on Computer Vision (ICCV)},
    month     = {October},
    year      = {2021},
    pages     = {2420-2429}
}

@InProceedings{Lichy_2021_CVPR,
    author    = {Lichy, Daniel and Wu, Jiaye and Sengupta, Soumyadip and Jacobs, David W.},
    title     = {Shape and Material Capture at Home},
    booktitle = {Proceedings of the IEEE/CVF Conference on Computer Vision and Pattern Recognition (CVPR)},
    month     = {June},
    year      = {2021},
    pages     = {6123-6133}
}

@inproceedings{or2020lifespan,
  title={Lifespan age transformation synthesis},
  author={Or-El, Roy and Sengupta, Soumyadip and Fried, Ohad and Shechtman, Eli and Kemelmacher-Shlizerman, Ira},
  booktitle={Computer Vision--ECCV 2020: 16th European Conference, Glasgow, UK, August 23--28, 2020, Proceedings, Part VI 16},
  pages={739--755},
  year={2020},
  organization={Springer}
}


@article{patel2016continuous,
  title={Continuous user authentication on mobile devices: Recent progress and remaining challenges},
  author={Patel, Vishal M and Chellappa, Rama and Chandra, Deepak and Barbello, Brandon},
  journal={IEEE Signal Processing Magazine},
  volume={33},
  number={4},
  pages={49--61},
  year={2016},
  publisher={IEEE}
}

@article{qi2023my3dgen,
  title={My3DGen: Building Lightweight Personalized 3D Generative Model},
  author={Qi, Luchao and Wu, Jiaye and Wang, Shengze and Sengupta, Soumyadip},
  journal={arXiv preprint arXiv:2307.05468},
  year={2023}
}


%%%%%%%%%%%% Junier references %%%%%%%%%%%%%
@inproceedings{ravanbakhsh2016estimating,
  title={Estimating Cosmological Parameters from the Dark Matter Distribution.},
  author={Ravanbakhsh, Siamak and Oliva, Junier B and Fromenteau, Sebastian and Price, Layne and Ho, Shirley and Schneider, Jeff G and P{\'o}czos, Barnab{\'a}s},
  booktitle={ICML},
  pages={2407--2416},
  year={2016}
}

@inproceedings{shi2019deep,
  title={Deep Message Passing on Sets},
  author={Shi, Yifeng and Oliva, Junier and Niethammer, Marc},
  booktitle={AAAI Conference on Artificial Intelligence},
  year={2020}
}

@inproceedings{oliva2014fusso,
  title={Fusso: Functional shrinkage and selection operator},
  author={Oliva, Junier and P{\'o}czos, Barnab{\'a}s and Verstynen, Timothy and Singh, Aarti and Schneider, Jeff and Yeh, Fang-Cheng and Tseng, Wen-Yih},
  booktitle={Artificial Intelligence and Statistics},
  pages={715--723},
  year={2014}
}

@article{oliva2018transformation,
  title={Transformation Autoregressive Networks},
  author={Oliva, Junier B and Dubey, Avinava and P{\'o}czos, Barnab{\'a}s and Schneider, Jeff and Xing, Eric P},
  journal={arXiv preprint arXiv:1801.09819},
  year={2018}
}


@inproceedings{li2020exchangeable,
  title={Exchangeable neural ode for set modeling},
  author={Li, Yang and Yi, Haidong and Bender, Christopher M and Shan, Siyuan and Oliva, Junier B},
  booktitle={Advances in Neural Information Processing Systems},
  year={2020}
}

% Own Work -----------------------------------------------

@article{oliva2016functional,
  title={Functional Linear Models for Brain Data},
  author={Oliva, Junier B},
  year={2016}
}

@inproceedings{oliva2018transformation,
  title={Transformation Autoregressive Networks},
  author={Oliva, Junier B and Dubey, Avinava and Zaheer, Manzil and P{\'o}czos, Barnab{\'a}s and Salakhutdinov, Ruslan and Xing, Eric P and Schneider, Jeff },
  booktitle={International Conference on Machine Learning},
  year={2018}
}

@inproceedings{oliva2017statistical,
  title={The Statistical Recurrent Unit},
  author={Oliva, Junier B and P{\'o}czos, Barnab{\'a}s and Schneider, Jeff},
  booktitle={International Conference on Machine Learning},
  year={2017}
}

@inproceedings{sutherland2016linear,
  title={Linear-Time Learning on Distributions with Approximate Kernel Embeddings.},
  author={Sutherland, Dougal J and Oliva, Junier B and P{\'o}czos, Barnab{\'a}s and Schneider, Jeff G},
  booktitle={AAAI},
  pages={2073--2079},
  year={2016}
}

@inproceedings{ravanbakhsh2016estimating,
  title={Estimating cosmological parameters from the dark matter distribution},
  author={Ravanbakhsh, Siamak and Oliva, Junier and Fromenteau, Sebastian and Price, Layne and Ho, Shirley and Schneider, Jeff and P{\'o}czos, Barnab{\'a}s},
  booktitle={International Conference on Machine Learning},
  pages={2407--2416},
  year={2016}
}

@inproceedings{oliva2016bayesian,
  title={Bayesian nonparametric kernel-learning},
  author={Oliva, Junier B and Dubey, Avinava and Wilson, Andrew G and P{\'o}czos, Barnab{\'a}s and Schneider, Jeff and Xing, Eric P},
  booktitle={Artificial Intelligence and Statistics},
  pages={1078--1086},
  year={2016}
}

@article{oliva2015deep,
  title={Deep Mean Maps},
  author={Oliva, Junier B and Sutherland, Dougal J and P{\'o}czos, Barnab{\'a}s and Schneider, Jeff},
  journal={arXiv preprint arXiv:1511.04150},
  year={2015}
}

@inproceedings{oliva2015fast,
  title={Fast function to function regression},
  author={Oliva, Junier B and Neiswanger, William and P{\'o}czos, Barnab{\'a}s and Xing, Eric and Trac, Hy and Ho, Shirley and Schneider, Jeff},
  booktitle={Artificial Intelligence and Statistics},
  pages={717--725},
  year={2015}
}

@inproceedings{oliva2014fusso,
  title={Fusso: Functional shrinkage and selection operator},
  author={Oliva, Junier B and P{\'o}czos, Barnab{\'a}s and Verstynen, Timothy and Singh, Aarti and Schneider, Jeff and Yeh, Fang-Cheng and Tseng, Wen-Yih},
  booktitle={Artificial Intelligence and Statistics},
  pages={715--723},
  year={2014}
}

@inproceedings{oliva2014fast,
  title={Fast distribution to real regression},
  author={Oliva, Junier B and Neiswanger, Willie and P{\'o}czos, Barnab{\'a}s and Schneider, Jeff and Xing, Eric},
  booktitle={Artificial Intelligence and Statistics},
  pages={706--714},
  year={2014}
}

@inproceedings{oliva2013distribution,
  title={Distribution to distribution regression},
  author={Oliva, Junier B and P{\'o}czos, Barnab{\'a}s and Schneider, Jeff},
  booktitle={International Conference on Machine Learning},
  pages={1049--1057},
  year={2013}
}

@inproceedings{wang2016nonparametric,
  title={Nonparametric Risk and Stability Analysis for Multi-Task Learning Problems.},
  author={Wang, Xuezhi and Oliva, Junier B and Schneider, Jeff G and P{\'o}czos, Barnab{\'a}s},
  booktitle={IJCAI},
  pages={2146--2152},
  year={2016}
}

@inproceedings{shan2022interpretable,
  title={Interpretable Single-Cell Set Classification with Kernel Mean Embeddings},
  author={Shan, Siyuan and Baskaran, Vishal and Yi, Haidong and Ranek, Jolene and Stanley, Natalie and Oliva, Junier},
year = {2022},
publisher = {Association for Computing Machinery},
booktitle = {Proceedings of the 13th ACM Conference on Bioinformatics, Computational Biology, and Health Informatics},
numpages = {10},
keywords = {set modeling, cytometry, clinical phenotyping, single-cell, classification, deep learning},
location = {Northbrook, Illinois},
series = {BCB '22}
}

@inproceedings{baskaran2022sketching,
  title={Distribution-based Sketching of Single-Cell Samples},
  author={Baskaran, Vishal and Ranek, Jolene and Shan, Siyuan and  Stanley, Natalie and Oliva, Junier},
year = {2022},
publisher = {Association for Computing Machinery},
booktitle = {Proceedings of the 13th ACM Conference on Bioinformatics, Computational Biology, and Health Informatics},
numpages = {10},
keywords = {set modeling, cytometry, clinical phenotyping, single-cell, classification, deep learning},
location = {Northbrook, Illinois},
series = {BCB '22}
}

@inproceedings{bender2020flowscans,
  title={Exchangeable Generative Models with Flow Scans},
  author={Bender, Chris and Garcia, Juan Jose and O'Connor, Kevin and Zaheer, Manzil and Oliva, Junier},
  booktitle={AAAI Conference on Artificial Intelligence},
  year={2020}
}

@inproceedings{bender2020defense,
  title={Defense Through Diverse Directions},
  author={Bender, Christopher M and Li, Yang and Shi, Yifeng and Reiter, Michael K and Oliva, Junier B}, 
  booktitle={International conference on machine learning},
  year={2020}
}

@inproceedings{li2019flow,
  title={Flow Models for Arbitrary Conditional Likelihoods},
  author={Li, Yang and Akbar, Shoaib and Oliva, Junier B}, 
  booktitle={International conference on machine learning},
  year={2020}
}

@article{kandasamy2019multi,
  title={Multi-fidelity gaussian process bandit optimisation},
  author={Kandasamy, Kirthevasan and Dasarathy, Gautam and Oliva, Junier and Schneider, Jeff and Poczos, Barnabas},
  journal={Journal of Artificial Intelligence Research},
  volume={66},
  pages={151--196},
  year={2019}
}

@article{strauss2022posterior,
  title={Posterior Matching for Arbitrary Conditioning},
  author={Strauss, Ryan and Oliva, Junier B},
  journal={Advances in Neural Information Processing Systems},
  volume={35},
  year={2022}
}

@article{strauss2021arbitrary,
  title={Arbitrary conditional distributions with energy},
  author={Strauss, Ryan and Oliva, Junier B},
  journal={Advances in Neural Information Processing Systems},
  volume={34},
  pages={752--763},
  year={2021}
}

@inproceedings{kandasamy2016gaussian,
  title={Gaussian process bandit optimisation with multi-fidelity evaluations},
  author={Kandasamy, Kirthevasan and Dasarathy, Gautam and Oliva, Junier B and Schneider, Jeff and P{\'o}czos, Barnab{\'a}s},
  booktitle={Advances in Neural Information Processing Systems},
  pages={992--1000},
  year={2016}
}

@inproceedings{chowdhury2021adversarial,
    title = "Adversarial Scrubbing of Demographic Information for Text Classification",
    author = "Basu Roy Chowdhury, Somnath  and
      Ghosh, Sayan  and
      Li, Yiyuan  and
      Oliva, Junier  and
      Srivastava, Shashank  and
      Chaturvedi, Snigdha",
    booktitle = "Proceedings of the 2021 Conference on Empirical Methods in Natural Language Processing",
    month = nov,
    year = "2021",
    address = "Online and Punta Cana, Dominican Republic",
    publisher = "Association for Computational Linguistics",
    url = "https://aclanthology.org/2021.emnlp-main.43",
    doi = "10.18653/v1/2021.emnlp-main.43",
    pages = "550--562",
    abstract = "Contextual representations learned by language models can often encode undesirable attributes, like demographic associations of the users, while being trained for an unrelated target task. We aim to scrub such undesirable attributes and learn fair representations while maintaining performance on the target task. In this paper, we present an adversarial learning framework {``}Adversarial Scrubber{''} (AdS), to debias contextual representations. We perform theoretical analysis to show that our framework converges without leaking demographic information under certain conditions. We extend previous evaluation techniques by evaluating debiasing performance using Minimum Description Length (MDL) probing. Experimental evaluations on 8 datasets show that AdS generates representations with minimal information about demographic attributes while being maximally informative about the target task.",
}
@inproceedings{mahmood2021multiscale,
  title={Multiscale Score Matching for Out-of-Distribution Detection},
  author={Mahmood, Ahsan and Oliva, Junier and Styner, Martin Andreas},
  booktitle={International Conference on Learning Representations},
  year={2021}
}

@inproceedings{li2019forest,
  title={A Forest from the Trees: Generation through Neighborhoods},
  author={Li, Yang and Gao, Tianxiang and Oliva, Junier},
  booktitle={AAAI Conference on Artificial Intelligence},
  year={2020}
}

@inproceedings{bender2021practical,
  title={Practical Integration via Separable Bijective Networks},
  author={Bender, Christopher M and Emmanuel, Patrick and Reiter, Michael K and Oliva, Junier},
  booktitle={International Conference on Learning Representations},
  year={2021}
}

@inproceedings{vired,
  title={Learning to Retrieve Videos by Asking Questions},
  author={Madasu, Avinash and Oliva, Junier and Bertasius, Gedas},
  publisher = {Association for Computing Machinery},
  booktitle = {Proceedings of the 30th ACM International Conference on Multimedia},
  location = {Lisbon, Portugal},
  series = {MM '22},
  year={2022}
}


% --------------- MVS
@inproceedings{schonberger2016pixelwise,
  title={Pixelwise view selection for unstructured multi-view stereo},
  author={Sch{\"o}nberger, Johannes L and Zheng, Enliang and Frahm, Jan-Michael and Pollefeys, Marc},
  booktitle={Computer Vision--ECCV 2016: 14th European Conference, Amsterdam, The Netherlands, October 11-14, 2016, Proceedings, Part III 14},
  pages={501--518},
  year={2016},
  organization={Springer}
}

@inproceedings{frahm2010building,
  title={Building rome on a cloudless day},
  author={Frahm, Jan-Michael and Fite-Georgel, Pierre and Gallup, David and Johnson, Tim and Raguram, Rahul and Wu, Changchang and Jen, Yi-Hung and Dunn, Enrique and Clipp, Brian and Lazebnik, Svetlana and others},
  booktitle={Computer Vision--ECCV 2010: 11th European Conference on Computer Vision, Heraklion, Crete, Greece, September 5-11, 2010, Proceedings, Part IV 11},
  pages={368--381},
  year={2010},
  organization={Springer}
}

@inproceedings{ding2022transmvsnet,
  title={Transmvsnet: Global context-aware multi-view stereo network with transformers},
  author={Ding, Yikang and Yuan, Wentao and Zhu, Qingtian and Zhang, Haotian and Liu, Xiangyue and Wang, Yuanjiang and Liu, Xiao},
  booktitle={Proceedings of the IEEE/CVF conference on computer vision and pattern recognition},
  pages={8585--8594},
  year={2022}
}

@article{ji2020surfacenet+,
  title={Surfacenet+: An end-to-end 3d neural network for very sparse multi-view stereopsis},
  author={Ji, Mengqi and Zhang, Jinzhi and Dai, Qionghai and Fang, Lu},
  journal={IEEE Transactions on Pattern Analysis and Machine Intelligence},
  volume={43},
  number={11},
  pages={4078--4093},
  year={2020},
  publisher={IEEE}
}

@inproceedings{wu2023s,
  title={S-volsdf: Sparse multi-view stereo regularization of neural implicit surfaces},
  author={Wu, Haoyu and Graikos, Alexandros and Samaras, Dimitris},
  booktitle={Proceedings of the IEEE/CVF International Conference on Computer Vision},
  pages={3556--3568},
  year={2023}
}

@article{agarwal2011building,
  title={Building rome in a day},
  author={Agarwal, Sameer and Furukawa, Yasutaka and Snavely, Noah and Simon, Ian and Curless, Brian and Seitz, Steven M and Szeliski, Richard},
  journal={Communications of the ACM},
  volume={54},
  number={10},
  pages={105--112},
  year={2011},
  publisher={ACM New York, NY, USA}
}

@inproceedings{bleyer2011patchmatch,
  title={Patchmatch stereo-stereo matching with slanted support windows.},
  author={Bleyer, Michael and Rhemann, Christoph and Rother, Carsten},
  booktitle={Bmvc},
  volume={11},
  number={2011},
  pages={1--11},
  year={2011}
}

@article{furukawa2009accurate,
  title={Accurate, dense, and robust multiview stereopsis},
  author={Furukawa, Yasutaka and Ponce, Jean},
  journal={IEEE transactions on pattern analysis and machine intelligence},
  volume={32},
  number={8},
  pages={1362--1376},
  year={2009},
  publisher={IEEE}
}

@inproceedings{goesele2007multi,
  title={Multi-view stereo for community photo collections},
  author={Goesele, Michael and Snavely, Noah and Curless, Brian and Hoppe, Hugues and Seitz, Steven M},
  booktitle={2007 IEEE 11th international conference on computer vision},
  pages={1--8},
  year={2007},
  organization={IEEE}
}

@inproceedings{strecha2004wide,
  title={Wide-baseline stereo from multiple views: a probabilistic account},
  author={Strecha, Christoph and Fransens, Rik and Van Gool, Luc},
  booktitle={Proceedings of the 2004 IEEE Computer Society Conference on Computer Vision and Pattern Recognition, 2004. CVPR 2004.},
  volume={1},
  pages={I--I},
  year={2004},
  organization={IEEE}
}

@article{yu2022monosdf,
  title={Monosdf: Exploring monocular geometric cues for neural implicit surface reconstruction},
  author={Yu, Zehao and Peng, Songyou and Niemeyer, Michael and Sattler, Torsten and Geiger, Andreas},
  journal={Advances in neural information processing systems},
  volume={35},
  pages={25018--25032},
  year={2022}
}

@inproceedings{chen2021mvsnerf,
  title={Mvsnerf: Fast generalizable radiance field reconstruction from multi-view stereo},
  author={Chen, Anpei and Xu, Zexiang and Zhao, Fuqiang and Zhang, Xiaoshuai and Xiang, Fanbo and Yu, Jingyi and Su, Hao},
  booktitle={Proceedings of the IEEE/CVF international conference on computer vision},
  pages={14124--14133},
  year={2021}
}

@incollection{lorensen1998marching,
  title={Marching cubes: A high resolution 3D surface construction algorithm},
  author={Lorensen, William E and Cline, Harvey E},
  booktitle={Seminal graphics: pioneering efforts that shaped the field},
  pages={347--353},
  year={1998}
}

@article{jiang2023fisherrf,
  title={Fisherrf: Active view selection and uncertainty quantification for radiance fields using fisher information},
  author={Jiang, Wen and Lei, Boshu and Daniilidis, Kostas},
  journal={arXiv preprint arXiv:2311.17874},
  year={2023}
}


@INPROCEEDINGS{connollydetermination,
author={Connolly, C.},
booktitle={Proceedings. 1985 IEEE International Conference on Robotics and Automation},
title={The determination of next best views},
year={1985},
volume={2},
number={},
pages={432-435},
keywords={Sampling methods;Layout;Area measurement;Turbines},
doi={10.1109/ROBOT.1985.1087372}}

@INPROCEEDINGS{Islerinformationgainvolumetric3d,
author={Isler, Stefan and Sabzevari, Reza and Delmerico, Jeffrey and Scaramuzza, Davide},
booktitle={2016 IEEE International Conference on Robotics and Automation (ICRA)},
title={An information gain formulation for active volumetric 3D reconstruction},
year={2016},
volume={},
number={},
pages={3477-3484},
keywords={Robot sensing systems;Three-dimensional displays;Entropy;Cameras;Image reconstruction;Probabilistic logic},
doi={10.1109/ICRA.2016.7487527}}

@INPROCEEDINGS{hardouinUAVNBV,
author={Hardouin, Guillaume and Moras, Julien and Morbidi, Fabio and Marzat, Julien and Mouaddib, El Mustapha},
booktitle={2020 IEEE/RSJ International Conference on Intelligent Robots and Systems (IROS)},
title={Next-Best-View planning for surface reconstruction of large-scale 3D environments with multiple UAVs},
year={2020},
volume={},
number={},
pages={1567-1574},
keywords={Surface reconstruction;Solid modeling;Three-dimensional displays;Runtime;Robot vision systems;Unmanned aerial vehicles;Resource management},
doi={10.1109/IROS45743.2020.9340897}}

@article{wuqualitydriven,
author = {Wu, Shihao and Sun, Wei and Long, Pinxin and Huang, Hui and Cohen-Or, Daniel and Gong, Minglun and Deussen, Oliver and Chen, Baoquan},
title = {Quality-driven poisson-guided autoscanning},
year = {2014},
issue_date = {November 2014},
publisher = {Association for Computing Machinery},
address = {New York, NY, USA},
volume = {33},
number = {6},
issn = {0730-0301},
url = {https://doi.org/10.1145/2661229.2661242},
doi = {10.1145/2661229.2661242},
abstract = {We present a quality-driven, Poisson-guided autonomous scanning method. Unlike previous scan planning techniques, we do not aim to minimize the number of scans needed to cover the object's surface, but rather to ensure the high quality scanning of the model. This goal is achieved by placing the scanner at strategically selected Next-Best-Views (NBVs) to ensure progressively capturing the geometric details of the object, until both completeness and high fidelity are reached. The technique is based on the analysis of a Poisson field and its geometric relation with an input scan. We generate a confidence map that reflects the quality/fidelity of the estimated Poisson iso-surface. The confidence map guides the generation of a viewing vector field, which is then used for computing a set of NBVs. We applied the algorithm on two different robotic platforms, a PR2 mobile robot and a one-arm industry robot. We demonstrated the advantages of our method through a number of autonomous high quality scannings of complex physical objects, as well as performance comparisons against state-of-the-art methods.},
journal = {ACM Trans. Graph.},
month = nov,
articleno = {203},
numpages = {12},
keywords = {next-best-view, autonomous scanning, 3D acquisition}
}
