@String(PAMI = {IEEE Trans. Pattern Anal. Mach. Intell.})
@String(IJCV = {Int. J. Comput. Vis.})
@String(CVPR= {IEEE Conf. Comput. Vis. Pattern Recog.})
@String(ICCV= {Int. Conf. Comput. Vis.})
@String(ECCV= {Eur. Conf. Comput. Vis.})
@String(NIPS= {Adv. Neural Inform. Process. Syst.})
@String(ICPR = {Int. Conf. Pattern Recog.})
@String(BMVC= {Brit. Mach. Vis. Conf.})
@String(TOG= {ACM Trans. Graph.})
@String(TIP  = {IEEE Trans. Image Process.})
@String(TVCG  = {IEEE Trans. Vis. Comput. Graph.})
@String(TMM  = {IEEE Trans. Multimedia})
@String(ACMMM= {ACM Int. Conf. Multimedia})
@String(ICME = {Int. Conf. Multimedia and Expo})
@String(ICASSP=	{ICASSP})
@String(ICIP = {IEEE Int. Conf. Image Process.})
@String(ACCV  = {ACCV})
@String(ICLR = {Int. Conf. Learn. Represent.})
@String(IJCAI = {IJCAI})
@String(PR   = {Pattern Recognition})
@String(AAAI = {AAAI})
@String(CVPRW= {IEEE Conf. Comput. Vis. Pattern Recog. Worksh.})
@String(CSVT = {IEEE Trans. Circuit Syst. Video Technol.})

@String(SPL	= {IEEE Sign. Process. Letters})
@String(VR   = {Vis. Res.})
@String(JOV	 = {J. Vis.})
@String(TVC  = {The Vis. Comput.})
@String(JCST  = {J. Comput. Sci. Tech.})
@String(CGF  = {Comput. Graph. Forum})
@String(CVM = {Computational Visual Media})


@String(PAMI  = {IEEE TPAMI})
@String(IJCV  = {IJCV})
@String(CVPR  = {CVPR})
@String(ICCV  = {ICCV})
@String(ECCV  = {ECCV})
@String(NIPS  = {NeurIPS})
@String(ICPR  = {ICPR})
@String(BMVC  =	{BMVC})
@String(TOG   = {ACM TOG})
@String(TIP   = {IEEE TIP})
@String(TVCG  = {IEEE TVCG})
@String(TCSVT = {IEEE TCSVT})
@String(TMM   =	{IEEE TMM})
@String(ACMMM = {ACM MM})
@String(ICME  =	{ICME})
@String(ICASSP=	{ICASSP})
@String(ICIP  = {ICIP})
@String(ACCV  = {ACCV})
@String(ICLR  = {ICLR})
@String(IJCAI = {IJCAI})
@String(PR = {PR})
@String(AAAI = {AAAI})
@String(CVPRW= {CVPRW})
@String(CSVT = {IEEE TCSVT})

@Article{vaswani2017attention,
  title={Attention is all you need},
  author={Vaswani, Ashish and Shazeer, Noam and Parmar, Niki and Uszkoreit, Jakob and Jones, Llion and Gomez, Aidan N and Kaiser, {\L}ukasz and Polosukhin, Illia},
  journal=NIPS,
  volume={30},
  year={2017}
}

@inproceedings{nash2020polygen,
  title={Polygen: An autoregressive generative model of 3d meshes},
  author={Nash, Charlie and Ganin, Yaroslav and Eslami, SM Ali and Battaglia, Peter},
  booktitle={International conference on machine learning},
  pages={7220--7229},
  year={2020},
  organization={PMLR}
}

@inproceedings{peng2020convolutional,
  title={Convolutional occupancy networks},
  author={Peng, Songyou and Niemeyer, Michael and Mescheder, Lars and Pollefeys, Marc and Geiger, Andreas},
  booktitle={Computer Vision--ECCV 2020: 16th European Conference, Glasgow, UK, August 23--28, 2020, Proceedings, Part III 16},
  pages={523--540},
  year={2020},
  organization={Springer}
}


@article{ganin2021computer,
  title={Computer-aided design as language},
  author={Ganin, Yaroslav and Bartunov, Sergey and Li, Yujia and Keller, Ethan and Saliceti, Stefano},
  journal={Advances in Neural Information Processing Systems},
  volume={34},
  pages={5885--5897},
  year={2021}
}

% RayTran
@inproceedings{tyszkiewicz2022raytran,
  title={RayTran: 3D pose estimation and shape reconstruction of multiple objects from videos with ray-traced transformers},
  author={Tyszkiewicz, Micha{\l} J and Maninis, Kevis-Kokitsi and Popov, Stefan and Ferrari, Vittorio},
  booktitle={Computer Vision--ECCV 2022: 17th European Conference, Tel Aviv, Israel, October 23--27, 2022, Proceedings, Part X},
  pages={211--228},
  year={2022},
  organization={Springer}
}

% AmbientCG materials
@misc{demes2023ambientCG,
  title = {ambientCG: Free Building Blocks For Your Digital Worlds.},
  author = {Lennart Demes},
  howpublished = {https://ambientcg.com},
  note = {Accessed: 2023-05-23},
}

% ABO furniture
@article{collins2022abo,
  title={ABO: Dataset and Benchmarks for Real-World 3D Object Understanding},
  author={Collins, Jasmine and Goel, Shubham and Deng, Kenan and Luthra, Achleshwar and
          Xu, Leon and Gundogdu, Erhan and Zhang, Xi and Yago Vicente, Tomas F and
          Dideriksen, Thomas and Arora, Himanshu and Guillaumin, Matthieu and
          Malik, Jitendra},
  journal={CVPR},
  year={2022}
}
 
 % Blender
@misc{blender2023,
    title = {Blender: The Freedom to Create},
    author = {Blender Foundation},
    organization = {Blender Foundation},
    year = {2023},
    url = {http://blender.org/},
    note = {Accessed: 2023-05-23},
}

 % Aria MPS
@misc{AriaMPS2023,
    title = {Project Aria Machine Perception Services},
    author = {Project Aria},
    organization = {Meta Platforms},
    year = {2023},
    url = {https://facebookresearch.github.io/projectaria_tools/docs/data_utilities/core_code_snippets/mps},
    note = {Accessed: 2023-11-27},
}

% CGAL
@incollection{hachenberger2023CGAL,
  author = {Peter Hachenberger and Lutz Kettner},
  title = {{3D} Boolean Operations on Nef Polyhedra},
  publisher = {{CGAL Editorial Board}},
  edition = {{5.5.2}},
  booktitle = {{CGAL} User and Reference Manual},
  url = {https://doc.cgal.org/5.5.2/Manual/packages.html#PkgNef3},
  year = 2023,
}

% Mr Bash windows
@misc{mrBash2023Windows,
  author = {Blender Bash},
  title = {Procedural Window with Geometry nodes in Blender 3.0},
  url = {https://blenderbash.gumroad.com/l/qhIyl},
  year = 2023,
  note = {Accessed: 2023-05-23},
}

% Mr Bash tables
@misc{mrBash2023Tables,
  author = {Blender Bash},
  title = {Procedural Table With Geometry Nodes in Blender},
  url = {https://blenderbash.gumroad.com/l/daghsw},
  year = 2023,
  note = {Accessed: 2023-05-23},
}

% Trimesh 
@misc{dawson_haggerty2019trimesh,
	author = {{Dawson-Haggerty et al.}},
	title = {trimesh},
	url = {https://trimsh.org/},
	version = {3.2.0},
	date = {2019-12-8},
}

% PyBullet
@misc{coumans2023pybullet,
    author = {Erwin Coumans},
    title = {PyBullet: Real-Time Physics Simulation},
    url = {https://pybullet.org/},
    note = {Accessed: 2023-05-23},
    year=2023,
}

% torch sparse
@inproceedings{tang2022torchsparse,
  title = {{TorchSparse: Efficient Point Cloud Inference Engine}},
  author = {Tang, Haotian and Liu, Zhijian and Li, Xiuyu and Lin, Yujun and Han, Song},
  booktitle = {Conference on Machine Learning and Systems (MLSys)},
  year = {2022}
}
@inproceedings{tang2020searching,
  title = {{Searching Efficient 3D Architectures with Sparse Point-Voxel Convolution}},
  author = {Tang, Haotian and Liu, Zhijian and Zhao, Shengyu and Lin, Yujun and Lin, Ji and Wang, Hanrui and Han, Song},
  booktitle = {European Conference on Computer Vision (ECCV)},
  year = {2020}
}

% col map
@inproceedings{schoenberger2016sfm,
    author={Sch\"{o}nberger, Johannes Lutz and Frahm, Jan-Michael},
    title={Structure-from-Motion Revisited},
    booktitle={Conference on Computer Vision and Pattern Recognition (CVPR)},
    year={2016},
}
@inproceedings{schoenberger2016mvs,
    author={Sch\"{o}nberger, Johannes Lutz and Zheng, Enliang and Pollefeys, Marc and Frahm, Jan-Michael},
    title={Pixelwise View Selection for Unstructured Multi-View Stereo},
    booktitle={European Conference on Computer Vision (ECCV)},
    year={2016},
}

% nucleus sampling
@article{holtzman2019curious,
  title={The curious case of neural text degeneration},
  author={Holtzman, Ari and Buys, Jan and Du, Li and Forbes, Maxwell and Choi, Yejin},
  journal={arXiv preprint arXiv:1904.09751},
  year={2019}
}

% scene cad
@inproceedings{avetisyan2020scenecad,
  title={Scenecad: Predicting object alignments and layouts in rgb-d scans},
  author={Avetisyan, Armen and Khanova, Tatiana and Choy, Christopher and Dash, Denver and Dai, Angela and Nie{\ss}ner, Matthias},
  booktitle={Computer Vision--ECCV 2020: 16th European Conference, Glasgow, UK, August 23--28, 2020, Proceedings, Part XXII 16},
  pages={596--612},
  year={2020},
  organization={Springer}
}

@inproceedings{song2015sun,
  title={Sun rgb-d: A rgb-d scene understanding benchmark suite},
  author={Song, Shuran and Lichtenberg, Samuel P and Xiao, Jianxiong},
  booktitle={Proceedings of the IEEE conference on computer vision and pattern recognition},
  pages={567--576},
  year={2015}
}

@article{song2016ssc,
  author     = {Song, Shuran and Yu, Fisher  and Zeng, Andy and Chang, Angel X and Savva, Manolis and Funkhouser, Thomas},
  title      = {Semantic Scene Completion from a Single Depth Image},
  journal 	 = {Proceedings of 30th IEEE Conference on Computer Vision and Pattern Recognition},
  year       = {2017},
}

@inproceedings{roberts:2021,
    author    = {Mike Roberts AND Jason Ramapuram AND Anurag Ranjan AND Atulit Kumar AND
                 Miguel Angel Bautista AND Nathan Paczan AND Russ Webb AND Joshua M. Susskind},
    title     = {{Hypersim}: {A} Photorealistic Synthetic Dataset for Holistic Indoor Scene Understanding},
    booktitle = {International Conference on Computer Vision (ICCV) 2021},
    year      = {2021}
}

@article{McCormac:etal:ICCV2017,
		author = {John McCormac and
			  Ankur Handa and
		          Stefan Leutenegger and
		          Andrew J.Davison},
		title = {SceneNet RGB-D: Can 5M Synthetic Images Beat Generic ImageNet Pre-training on Indoor Segmentation?},
  		booktitle = {ICCV},
		year = {2017}
}
		
@article{McCormac:etal:arXiv2016,
		author = {John McCormac and
			  Ankur Handa and
		          Stefan Leutenegger and
		          Andrew J.Davison},
		title = {SceneNet RGB-D: 5M Photorealistic Images of Synthetic Indoor Trajectories with Ground Truth },
  		booktitle = {arXiv},
		year = {2016}
}

@inproceedings { InteriorNet18,
      author = { Wenbin Li and Sajad Saeedi and John McCormac and Ronald Clark and 
                 Dimos Tzoumanikas and Qing Ye and Yuzhong Huang and Rui Tang and 
                 Stefan Leutenegger },
   booktitle = { British Machine Vision Conference (BMVC) },
       title = { InteriorNet: Mega-scale Multi-sensor Photo-realistic Indoor Scenes Dataset },
        year = { 2018 }
}

@inproceedings{dai2017scannet,
    title={ScanNet: Richly-annotated 3D Reconstructions of Indoor Scenes},
    author={Dai, Angela and Chang, Angel X. and Savva, Manolis and Halber, Maciej and Funkhouser, Thomas and Nie{\ss}ner, Matthias},
    booktitle = {Proc. Computer Vision and Pattern Recognition (CVPR), IEEE},
    year = {2017}
}

@inproceedings{ramakrishnan2021hm3d,
  title={Habitat-Matterport 3D Dataset ({HM}3D): 1000 Large-scale 3D Environments for Embodied {AI}},
  author={Santhosh Kumar Ramakrishnan and Aaron Gokaslan and Erik Wijmans and Oleksandr Maksymets and Alexander Clegg and John M Turner and Eric Undersander and Wojciech Galuba and Andrew Westbury and Angel X Chang and Manolis Savva and Yili Zhao and Dhruv Batra},
  booktitle={Thirty-fifth Conference on Neural Information Processing Systems Datasets and Benchmarks Track},
  year={2021},
  url={https://arxiv.org/abs/2109.08238}
}

@inproceedings{Structured3D,
  title     = {Structured3D: A Large Photo-realistic Dataset for Structured 3D Modeling},
  author    = {Jia Zheng and Junfei Zhang and Jing Li and Rui Tang and Shenghua Gao and Zihan Zhou},
  booktitle = {Proceedings of The European Conference on Computer Vision (ECCV)},
  year      = {2020}
}

@inproceedings{ZInD,
  title     = {Zillow Indoor Dataset: Annotated Floor Plans With 360º Panoramas and 3D Room Layouts},
  author    = {Cruz, Steve and Hutchcroft, Will and Li, Yuguang and Khosravan, Naji and Boyadzhiev, Ivaylo and Kang, Sing Bing},
  booktitle = {Proceedings of the IEEE/CVF Conference on Computer Vision and Pattern Recognition (CVPR)},
  month     = {June},
  year      = {2021},
  pages     = {2133--2143}
}

@inproceedings{procthor,
  author={Matt Deitke and Eli VanderBilt and Alvaro Herrasti and
          Luca Weihs and Jordi Salvador and Kiana Ehsani and
          Winson Han and Eric Kolve and Ali Farhadi and
          Aniruddha Kembhavi and Roozbeh Mottaghi},
  title={{ProcTHOR: Large-Scale Embodied AI Using Procedural Generation}},
  booktitle={NeurIPS},
  year={2022},
}

@inproceedings{nauata2020house,
  title={House-gan: Relational generative adversarial networks for graph-constrained house layout generation},
  author={Nauata, Nelson and Chang, Kai-Hung and Cheng, Chin-Yi and Mori, Greg and Furukawa, Yasutaka},
  booktitle={European Conference on Computer Vision},
  pages={162--177},
  year={2020},
  organization={Springer}
}

@inproceedings{nauata2021house,
  title={House-GAN++: Generative Adversarial Layout Refinement Network towards Intelligent Computational Agent for Professional Architects},
  author={Nauata, Nelson and Hosseini, Sepidehsadat and Chang, Kai-Hung and Chu, Hang and Cheng, Chin-Yi and Furukawa, Yasutaka},
  booktitle={Proceedings of the IEEE/CVF Conference on Computer Vision and Pattern Recognition},
  pages={13632--13641},
  year={2021}
}

@article{shabani2022housediffusion,
  title={HouseDiffusion: Vector Floorplan Generation via a Diffusion Model with Discrete and Continuous Denoising},
  author={Shabani, Mohammad Amin and Hosseini, Sepidehsadat and Furukawa, Yasutaka},
  journal={arXiv preprint arXiv:2211.13287},
  year={2022}
}

@inproceedings{zhang2021deeppanocontext,
  title={Deeppanocontext: Panoramic 3d scene understanding with holistic scene context graph and relation-based optimization},
  author={Zhang, Cheng and Cui, Zhaopeng and Chen, Cai and Liu, Shuaicheng and Zeng, Bing and Bao, Hujun and Zhang, Yinda},
  booktitle={Proceedings of the IEEE/CVF International Conference on Computer Vision},
  pages={12632--12641},
  year={2021}
}

@inproceedings{nie2020total3dunderstanding,
  title={Total3dunderstanding: Joint layout, object pose and mesh reconstruction for indoor scenes from a single image},
  author={Nie, Yinyu and Han, Xiaoguang and Guo, Shihui and Zheng, Yujian and Chang, Jian and Zhang, Jian Jun},
  booktitle={Proceedings of the IEEE/CVF Conference on Computer Vision and Pattern Recognition},
  pages={55--64},
  year={2020}
}

@inproceedings{zhang2021holistic,
  title={Holistic 3d scene understanding from a single image with implicit representation},
  author={Zhang, Cheng and Cui, Zhaopeng and Zhang, Yinda and Zeng, Bing and Pollefeys, Marc and Liu, Shuaicheng},
  booktitle={Proceedings of the IEEE/CVF Conference on Computer Vision and Pattern Recognition},
  pages={8833--8842},
  year={2021}
}

@inproceedings{para2021sketchgen,
  title={Sketchgen: Generating constrained cad sketches},
  author={Para, Wamiq and Bhat, Shariq and Guerrero, Paul and Kelly, Tom and Mitra, Niloy and Guibas, Leonidas J and Wonka, Peter},
  booktitle={Advances in Neural Information Processing Systems},
  year={2021}
}

@inproceedings{xu2022skexgen,
  title={SkexGen: Autoregressive Generation of CAD Construction Sequences with Disentangled Codebooks},
  author={Xu, Xiang and Willis, Karl DD and Lambourne, Joseph G and Cheng, Chin-Yi and Jayaraman, Pradeep Kumar and Furukawa, Yasutaka},
  booktitle={International Conference on Machine Learning (ICML)},
  year={2022}
}

@inproceedings{carlier2020deepsvg,
  title={Deepsvg: A hierarchical generative network for vector graphics animation},
  author={Carlier, Alexandre and Danelljan, Martin and Alahi, Alexandre and Timofte, Radu},
  booktitle={Advances in Neural Information Processing Systems},
  year={2020}
}

@inproceedings{wu2021deepcad,
  title={Deepcad: A deep generative network for computer-aided design models},
  author={Wu, Rundi and Xiao, Chang and Zheng, Changxi},
  booktitle={Proceedings of the IEEE/CVF International Conference on Computer Vision},
  year={2021}
}

@article{mildenhall2021nerf,
  title={Nerf: Representing scenes as neural radiance fields for view synthesis},
  author={Mildenhall, Ben and Srinivasan, Pratul P and Tancik, Matthew and Barron, Jonathan T and Ramamoorthi, Ravi and Ng, Ren},
  journal={Communications of the ACM},
  volume={65},
  number={1},
  pages={99--106},
  year={2021},
  publisher={ACM New York, NY, USA}
}

@inproceedings{dai2018scancomplete,
  title={Scancomplete: Large-scale scene completion and semantic segmentation for 3d scans},
  author={Dai, Angela and Ritchie, Daniel and Bokeloh, Martin and Reed, Scott and Sturm, J{\"u}rgen and Nie{\ss}ner, Matthias},
  booktitle={Proceedings of the IEEE Conference on Computer Vision and Pattern Recognition},
  year={2018}
}

@inproceedings{dai2020sg,
  title={Sg-nn: Sparse generative neural networks for self-supervised scene completion of rgb-d scans},
  author={Dai, Angela and Diller, Christian and Nie{\ss}ner, Matthias},
  booktitle={Proceedings of the IEEE/CVF Conference on Computer Vision and Pattern Recognition},
  year={2020}
}

@inproceedings{siddiqui2021retrievalfuse,
  title={Retrievalfuse: Neural 3d scene reconstruction with a database},
  author={Siddiqui, Yawar and Thies, Justus and Ma, Fangchang and Shan, Qi and Nie{\ss}ner, Matthias and Dai, Angela},
  booktitle={Proceedings of the IEEE/CVF International Conference on Computer Vision},
  year={2021}
}

@article{dahnert2021panoptic,
  title={Panoptic 3d scene reconstruction from a single rgb image},
  author={Dahnert, Manuel and Hou, Ji and Nie{\ss}ner, Matthias and Dai, Angela},
  journal={Advances in Neural Information Processing Systems},
  volume={34},
  year={2021}
}

@inproceedings{murali2017indoor,
  title={Indoor Scan2BIM: Building information models of house interiors},
  author={Murali, Srivathsan and Speciale, Pablo and Oswald, Martin R and Pollefeys, Marc},
  booktitle={2017 IEEE/RSJ International Conference on Intelligent Robots and Systems (IROS)},
  year={2017}
}

@article{ochmann2019automatic,
  title={Automatic reconstruction of fully volumetric 3D building models from oriented point clouds},
  author={Ochmann, Sebastian and Vock, Richard and Klein, Reinhard},
  journal={ISPRS journal of photogrammetry and remote sensing},
  volume={151},
  pages={251--262},
  year={2019},
  publisher={Elsevier}
}

@article{nikoohemat2020indoor,
  title={Indoor 3D reconstruction from point clouds for optimal routing in complex buildings to support disaster management},
  author={Nikoohemat, Shayan and Diakit{\'e}, Abdoulaye A and Zlatanova, Sisi and Vosselman, George},
  journal={Automation in construction},
  volume={113},
  pages={103109},
  year={2020},
  publisher={Elsevier}
}

@inproceedings{furukawa2009manhattan,
  title={Manhattan-world stereo},
  author={Furukawa, Yasutaka and Curless, Brian and Seitz, Steven M and Szeliski, Richard},
  booktitle={2009 IEEE Conference on Computer Vision and Pattern Recognition},
  year={2009}
}

@inproceedings{furukawa2009reconstructing,
  title={Reconstructing building interiors from images},
  author={Furukawa, Yasutaka and Curless, Brian and Seitz, Steven M and Szeliski, Richard},
  booktitle={2009 IEEE 12th international conference on computer vision},
  year={2009}
}

@inproceedings{cabral2014piecewise,
  title={Piecewise planar and compact floorplan reconstruction from images},
  author={Cabral, Ricardo and Furukawa, Yasutaka},
  booktitle={2014 IEEE Conference on Computer Vision and Pattern Recognition},
  year={2014}
}

@inproceedings{ikehata2015structured,
  title={Structured indoor modeling},
  author={Ikehata, Satoshi and Yang, Hang and Furukawa, Yasutaka},
  booktitle={Proceedings of the IEEE international conference on computer vision},
  year={2015}
}

@inproceedings{liu2018floornet,
  title={Floornet: A unified framework for floorplan reconstruction from 3d scans},
  author={Liu, Chen and Wu, Jiaye and Furukawa, Yasutaka},
  booktitle={Proceedings of the European conference on computer vision (ECCV)},
  year={2018}
}

@inproceedings{lee2017roomnet,
  title={Roomnet: End-to-end room layout estimation},
  author={Lee, Chen-Yu and Badrinarayanan, Vijay and Malisiewicz, Tomasz and Rabinovich, Andrew},
  booktitle={Proceedings of the IEEE international conference on computer vision},
  year={2017}
}

@inproceedings{pintore2020atlantanet,
  title={AtlantaNet: inferring the 3D indoor layout from a single 360 image beyond the Manhattan world assumption},
  author={Pintore, Giovanni and Agus, Marco and Gobbetti, Enrico},
  booktitle={Proceedings of the European conference on computer vision (ECCV)},
  year={2020}
}

@inproceedings{genova2020local,
  title={Local deep implicit functions for 3d shape},
  author={Genova, Kyle and Cole, Forrester and Sud, Avneesh and Sarna, Aaron and Funkhouser, Thomas},
  booktitle={Proceedings of the IEEE/CVF Conference on Computer Vision and Pattern Recognition},
  year={2020}
}

@inproceedings{zhou2019end,
  title={End-to-end wireframe parsing},
  author={Zhou, Yichao and Qi, Haozhi and Ma, Yi},
  booktitle={Proceedings of the IEEE/CVF International Conference on Computer Vision},
  year={2019}
}

@article{pearl2022geocode,
  title={GeoCode: Interpretable Shape Programs},
  author={Pearl, Ofek and Lang, Itai and Hu, Yuhua and Yeh, Raymond A. and Hanocka, Rana},
  booktitle={arXiv preprint arxiv:2212.11715},
  year={2022}
}

@inproceedings{qi2019deep,
  title={Deep hough voting for 3d object detection in point clouds},
  author={Qi, Charles R and Litany, Or and He, Kaiming and Guibas, Leonidas J},
  booktitle={proceedings of the IEEE/CVF International Conference on Computer Vision},
  pages={9277--9286},
  year={2019}
}

@inproceedings{he2016deep,
  title={Deep residual learning for image recognition},
  author={He, Kaiming and Zhang, Xiangyu and Ren, Shaoqing and Sun, Jian},
  booktitle={Proceedings of the IEEE conference on computer vision and pattern recognition},
  pages={770--778},
  year={2016}
}

@inproceedings{tian2019learning,
  title={Learning to infer and execute 3d shape programs},
  author={Tian, Yonglong and Luo, Andrew and Sun, Xingyuan and Ellis, Kevin and Freeman, William T and Tenenbaum, Joshua B and Wu, Jiajun},
  booktitle={International Conference on Learning Representations (ICLR)},
  year={2019}
}

@article{jones2020shapeassembly,
  title={Shapeassembly: Learning to generate programs for 3d shape structure synthesis},
  author={Jones, R Kenny and Barton, Theresa and Xu, Xianghao and Wang, Kai and Jiang, Ellen and Guerrero, Paul and Mitra, Niloy J and Ritchie, Daniel},
  journal={ACM Transactions on Graphics (TOG)},
  volume={39},
  number={6},
  pages={1--20},
  year={2020},
  publisher={ACM New York, NY, USA}
}

@article{jones2021shapemod,
  title={ShapeMOD: macro operation discovery for 3D shape programs},
  author={Jones, R Kenny and Charatan, David and Guerrero, Paul and Mitra, Niloy J and Ritchie, Daniel},
  journal={ACM Transactions on Graphics (TOG)},
  volume={40},
  number={4},
  pages={1--16},
  year={2021},
  publisher={ACM New York, NY, USA}
}

@inproceedings{jones2022plad,
  title={PLAD: Learning to infer shape programs with pseudo-labels and approximate distributions},
  author={Jones, R Kenny and Walke, Homer and Ritchie, Daniel},
  booktitle={Proceedings of the IEEE/CVF Conference on Computer Vision and Pattern Recognition},
  year={2022}
}

@online{door_web,
  title = {\url{https://www.turbosquid.com/3d-models/3d-commercial-steel-doors-model-1575549}},
  url={https://www.turbosquid.com/3d-models/3d-commercial-steel-doors-model-1575549},
}


@article{brown2020language,
  title={Language models are few-shot learners},
  author={Brown, Tom and Mann, Benjamin and Ryder, Nick and Subbiah, Melanie and Kaplan, Jared D and Dhariwal, Prafulla and Neelakantan, Arvind and Shyam, Pranav and Sastry, Girish and Askell, Amanda and others},
  journal={Advances in neural information processing systems},
  volume={33},
  pages={1877--1901},
  year={2020}
}

@article{ouyang2022training,
  title={Training language models to follow instructions with human feedback},
  author={Ouyang, Long and Wu, Jeffrey and Jiang, Xu and Almeida, Diogo and Wainwright, Carroll and Mishkin, Pamela and Zhang, Chong and Agarwal, Sandhini and Slama, Katarina and Ray, Alex and others},
  journal={Advances in Neural Information Processing Systems},
  volume={35},
  pages={27730--27744},
  year={2022}
}

@inproceedings{chen2022heat,
  title={HEAT: Holistic Edge Attention Transformer for Structured Reconstruction},
  author={Chen, Jiacheng and Qian, Yiming and Furukawa, Yasutaka},
  booktitle={Proceedings of the IEEE/CVF Conference on Computer Vision and Pattern Recognition},
  year={2022}
}

@inproceedings{chen2019floor,
  title={Floor-sp: Inverse cad for floorplans by sequential room-wise shortest path},
  author={Chen, Jiacheng and Liu, Chen and Wu, Jiaye and Furukawa, Yasutaka},
  booktitle={Proceedings of the IEEE/CVF International Conference on Computer Vision},
  year={2019}
}

@inproceedings{stekovic2021montefloor,
  title={Montefloor: Extending mcts for reconstructing accurate large-scale floor plans},
  author={Stekovic, Sinisa and Rad, Mahdi and Fraundorfer, Friedrich and Lepetit, Vincent},
  booktitle={Proceedings of the IEEE/CVF International Conference on Computer Vision},
  year={2021}
}

@inproceedings{yue2023connecting,
  title={Connecting the Dots: Floorplan Reconstruction Using Two-Level Queries},
  author={Yue, Yuanwen and Kontogianni, Theodora and Schindler, Konrad and Engelmann, Francis},
  booktitle={Proceedings of the IEEE/CVF Conference on Computer Vision and Pattern Recognition},
  year={2023}
}

@inproceedings{zou2018layoutnet,
  title={Layoutnet: Reconstructing the 3d room layout from a single rgb image},
  author={Zou, Chuhang and Colburn, Alex and Shan, Qi and Hoiem, Derek},
  booktitle={Proceedings of the IEEE conference on computer vision and pattern recognition},
  year={2018}
}

@article{phalak2019deepperimeter,
  title={DeepPerimeter: Indoor boundary estimation from posed monocular sequences},
  author={Phalak, Ameya and Chen, Zhao and Yi, Darvin and Gupta, Khushi and Badrinarayanan, Vijay and Rabinovich, Andrew},
  journal={arXiv preprint arXiv:1904.11595},
  year={2019}
}

@inproceedings{park2019deepsdf,
  title={Deepsdf: Learning continuous signed distance functions for shape representation},
  author={Park, Jeong Joon and Florence, Peter and Straub, Julian and Newcombe, Richard and Lovegrove, Steven},
  booktitle={Proceedings of the IEEE/CVF conference on computer vision and pattern recognition},
  year={2019}
}

@misc{openai2023gpt4,
      title={GPT-4 Technical Report}, 
      author={OpenAI},
      year={2023},
      eprint={2303.08774},
      archivePrefix={arXiv},
      primaryClass={cs.CL}
}

@string{eccv="European Conference on Computer Vision (ECCV)"}
@inproceedings{engel14eccv,
 author = {J. Engel and T. Schöps and D. Cremers},
 title = {{LSD-SLAM}: Large-Scale Direct Monocular {SLAM}},
 year = {2014},
 month = {September},
 booktitle = {European Conference on Computer Vision (ECCV)},
 keywords = {rgb-d, monocular, slam, semidense, lsdslam, vslam},
 award = {Oral Presentation},
}


@misc{sutskever2014sequence,
      title={Sequence to Sequence Learning with Neural Networks}, 
      author={Ilya Sutskever and Oriol Vinyals and Quoc V. Le},
      year={2014},
      eprint={1409.3215},
      archivePrefix={arXiv},
      primaryClass={cs.CL}
}


@misc{projectaria,
  title = {Project Aria},
  howpublished = {\url{https://projectaria.com/}},
  note = {Accessed: 2023-08-30},
  year=2022,
  author={Meta}
}

@article{aria_white_paper,
  title={Project Aria: A New Tool for Egocentric Multi-Modal AI Research},
  author={Somasundaram, Kiran and Dong, Jing and Tang, Huixuan and Straub, Julian and Yan, Mingfei and Goesele, Michael and Engel, Jakob Julian and De Nardi, Renzo and Newcombe, Richard},
  journal={arXiv preprint arXiv:2308.13561},
  year={2023}
}

@misc{liu2019planercnn,
      title={PlaneRCNN: 3D Plane Detection and Reconstruction from a Single Image}, 
      author={Chen Liu and Kihwan Kim and Jinwei Gu and Yasutaka Furukawa and Jan Kautz},
      year={2019},
      eprint={1812.04072},
      archivePrefix={arXiv},
      primaryClass={cs.CV}
}

@inproceedings{girshick2015fast,
  title={Fast r-cnn},
  author={Girshick, Ross},
  booktitle={Proceedings of the IEEE international conference on computer vision},
  pages={1440--1448},
  year={2015}
}

@inproceedings{yin2021center,
  title={Center-based 3d object detection and tracking},
  author={Yin, Tianwei and Zhou, Xingyi and Krahenbuhl, Philipp},
  booktitle={Proceedings of the IEEE/CVF conference on computer vision and pattern recognition},
  year={2021}
}

@incollection{beziercurves,
  title={Resolution independent curve rendering using programmable graphics hardware},
  author={Loop, Charles and Blinn, Jim},
  booktitle={ACM SIGGRAPH 2005 Papers},
  pages={1000--1009},
  year={2005}
}

@misc{sharma2019neuralCSG,
      title={Neural Shape Parsers for Constructive Solid Geometry}, 
      author={Gopal Sharma and Rishabh Goyal and Difan Liu and Evangelos Kalogerakis and Subhransu Maji},
      year={2019},
      eprint={1912.11393},
      archivePrefix={arXiv},
      primaryClass={cs.CV}
}

@inproceedings{tulsiani2017learning,
  title={Learning shape abstractions by assembling volumetric primitives},
  author={Tulsiani, Shubham and Su, Hao and Guibas, Leonidas J and Efros, Alexei A and Malik, Jitendra},
  booktitle={Proceedings of the IEEE Conference on Computer Vision and Pattern Recognition (CVPR)},
  year={2017}
}

@article{yang2021unsupervised,
  title={Unsupervised learning for cuboid shape abstraction via joint segmentation from point clouds},
  author={Yang, Kaizhi and Chen, Xuejin},
  journal={ACM Transactions on Graphics (TOG)},
  volume={40},
  number={4},
  pages={1--11},
  year={2021},
  publisher={ACM New York, NY, USA}
}

@article{tomasi1991detection,
  title={Detection and tracking of point},
  author={Tomasi, Carlo and Kanade, Takeo},
  journal={Int J Comput Vis},
  volume={9},
  number={137-154},
  pages={3},
  year={1991}
}

@inproceedings{brazil2023omni3d,
  author =       {Garrick Brazil and Abhinav Kumar and Julian Straub and Nikhila Ravi and Justin Johnson and Georgia Gkioxari},
  title =        {{Omni3D}: A Large Benchmark and Model for {3D} Object Detection in the Wild},
  booktitle =    {CVPR},
  address =      {Vancouver, Canada},
  month =        {June},
  year =         {2023},
  organization = {IEEE},
}

@inproceedings{rukhovich2022imvoxelnet,
  title={Imvoxelnet: Image to voxels projection for monocular and multi-view general-purpose 3d object detection},
  author={Rukhovich, Danila and Vorontsova, Anna and Konushin, Anton},
  booktitle={Proceedings of the IEEE/CVF Winter Conference on Applications of Computer Vision},
  pages={2397--2406},
  year={2022}
}

@article{Schult23ICRA,
  title     = {{Mask3D: Mask Transformer for 3D Semantic Instance Segmentation}},
  author    = {Schult, Jonas and Engelmann, Francis and Hermans, Alexander and Litany, Or and Tang, Siyu and Leibe, Bastian},
  booktitle = {{International Conference on Robotics and Automation (ICRA)}},
  year      = {2023}
}

@inproceedings{vu2022softgroup,
  title={SoftGroup for 3D Instance Segmentation on 3D Point Clouds},
  author={Vu, Thang and Kim, Kookhoi and Luu, Tung M. and Nguyen, Xuan Thanh and Yoo, Chang D.},
  booktitle={CVPR},
  year={2022}
}

@inproceedings{jena2023beyond,
  title={Beyond mAP: Towards better evaluation of instance segmentation},
  author={Jena, Rohit and Zhornyak, Lukas and Doiphode, Nehal and Chaudhari, Pratik and Buch, Vivek and Gee, James and Shi, Jianbo},
  booktitle={Proceedings of the IEEE/CVF Conference on Computer Vision and Pattern Recognition},
  pages={11309--11318},
  year={2023}
}

@article{makatura2023can,
  title={How Can Large Language Models Help Humans in Design and Manufacturing?},
  author={Makatura, Liane and Foshey, Michael and Wang, Bohan and H{\"a}hnLein, Felix and Ma, Pingchuan and Deng, Bolei and Tjandrasuwita, Megan and Spielberg, Andrew and Owens, Crystal Elaine and Chen, Peter Yichen and others},
  journal={arXiv preprint arXiv:2307.14377},
  year={2023}
}

@inproceedings{xue2022point2seq,
  title={Point2seq: Detecting 3d objects as sequences},
  author={Xue, Yujing and Mao, Jiageng and Niu, Minzhe and Xu, Hang and Mi, Michael Bi and Zhang, Wei and Wang, Xiaogang and Wang, Xinchao},
  booktitle={Proceedings of the IEEE/CVF Conference on Computer Vision and Pattern Recognition},
  pages={8521--8530},
  year={2022}
}

@inproceedings{chen2021pix2seq,
  title={Pix2seq: A language modeling framework for object detection},
  author={Chen, Ting and Saxena, Saurabh and Li, Lala and Fleet, David J and Hinton, Geoffrey},
  booktitle={International Conference on Learning Representations (ICLR)},
  year={2022}
}

@inproceedings{misra2021end,
  title={An end-to-end transformer model for 3d object detection},
  author={Misra, Ishan and Girdhar, Rohit and Joulin, Armand},
  booktitle={Proceedings of the IEEE/CVF International Conference on Computer Vision},
  pages={2906--2917},
  year={2021}
}