@misc{GenNBV-chen2024,
      title={GenNBV: Generalizable Next-Best-View Policy for Active 3D Reconstruction},
      author={Xiao Chen and Quanyi Li and Tai Wang and Tianfan Xue and Jiangmiao Pang},
      year={2024},
      eprint={2402.16174},
      archivePrefix={arXiv},
      primaryClass={cs.CV},
      url={https://arxiv.org/abs/2402.16174},
}
@misc{VIN-NBV-frahm2025,
      title={VIN-NBV: A View Introspection Network for Next-Best-View Selection},
      author={Noah Frahm and Dongxu Zhao and Andrea Dunn Beltran and Ron Alterovitz and Jan-Michael Frahm and Junier Oliva and Roni Sengupta},
      year={2025},
      eprint={2505.06219},
      archivePrefix={arXiv},
      primaryClass={cs.CV},
      url={https://arxiv.org/abs/2505.06219},
}

@misc{SceneScript-avetisyan2024,
      title={SceneScript: Reconstructing Scenes With An Autoregressive Structured Language Model},
      author={Armen Avetisyan and Christopher Xie and Henry Howard-Jenkins and Tsun-Yi Yang and Samir Aroudj and Suvam Patra and Fuyang Zhang and Duncan Frost and Luke Holland and Campbell Orme and Jakob Engel and Edward Miller and Richard Newcombe and Vasileios Balntas},
      year={2024},
      eprint={2403.13064},
      archivePrefix={arXiv},
      primaryClass={cs.CV},
      url={https://arxiv.org/abs/2403.13064},
}

@misc{EFM3D-straub2024,
      title={EFM3D: A Benchmark for Measuring Progress Towards 3D Egocentric Foundation Models},
      author={Julian Straub and Daniel DeTone and Tianwei Shen and Nan Yang and Chris Sweeney and Richard Newcombe},
      year={2024},
      eprint={2406.10224},
      archivePrefix={arXiv},
      primaryClass={cs.CV},
      url={https://arxiv.org/abs/2406.10224},
}

@misc{HITL-SceneScript-xie2025,
      title={Human-in-the-Loop Local Corrections of 3D Scene Layouts via Infilling},
      author={Christopher Xie and Armen Avetisyan and Henry Howard-Jenkins and Yawar Siddiqui and Julian Straub and Richard Newcombe and Vasileios Balntas and Jakob Engel},
      year={2025},
      eprint={2503.11806},
      archivePrefix={arXiv},
      primaryClass={cs.CV},
      url={https://arxiv.org/abs/2503.11806},
}

% New entries for ATEK and Aria docs

@online{ATEK-DataStore-2025,
  title = {ATEK Data Store documentation},
  author = {{Meta Platforms Inc.}},
  year = {2025},
  url = {https://github.com/facebookresearch/ATEK/blob/main/docs/ATEK_Data_Store.md},
  note = {Accessed 2025-10-21}
}

@online{ATEK-SurfaceRecon-2025,
  title = {Machine Learning tasks supported by ATEK: 3D surface reconstruction},
  author = {{Meta Platforms Inc.}},
  year = {2025},
  url = {https://github.com/facebookresearch/ATEK/blob/main/docs/ML_task_surface_recon.md},
  note = {Accessed 2025-10-21}
}

@online{ATEK-Repo,
  title = {Aria Training and Evaluation toolkit (ATEK)},
  author = {{Meta Platforms Inc.}},
  year = {2025},
  url = {https://github.com/facebookresearch/ATEK},
  note = {Accessed 2025-10-21}
}

@online{ProjectAria-ASE-2025,
  title = {Aria Synthetic Environments Dataset},
  author = {{Meta Platforms Inc.}},
  year = {2025},
  url = {https://facebookresearch.github.io/projectaria_tools/docs/open_datasets/aria_synthetic_environments_dataset},
  note = {Accessed 2025-10-21}
}

@online{EVL-Doc-2025,
  title = {Egocentric Voxel Lifting (EVL) documentation},
  author = {{Meta Platforms Inc.}},
  year = {2025},
  url = {https://facebookresearch.github.io/projectaria_tools/docs/open_models/evl},
  note = {Accessed 2025-10-21}
}

@online{ATEK-about-2025,
  title = {Aria Training and Evaluation toolkit (ATEK) documentation},
  author = {{Meta Platforms Inc.}},
  year = {2025},
  url = {https://facebookresearch.github.io/projectaria_tools/docs/ATEK/about_ATEK},
  note = {Accessed 2025-10-21}
}

@misc{projectaria-engel2023,
      title={Project Aria: A New Tool for Egocentric Multi-Modal AI Research},
      author={Jakob Engel and Kiran Somasundaram and Michael Goesele and Albert Sun and Alexander Gamino and Andrew Turner and Arjang Talattof and Arnie Yuan and Bilal Souti and Brighid Meredith and Cheng Peng and Chris Sweeney and Cole Wilson and Dan Barnes and Daniel DeTone and David Caruso and Derek Valleroy and Dinesh Ginjupalli and Duncan Frost and Edward Miller and Elias Mueggler and Evgeniy Oleinik and Fan Zhang and Guruprasad Somasundaram and Gustavo Solaira and Harry Lanaras and Henry Howard-Jenkins and Huixuan Tang and Hyo Jin Kim and Jaime Rivera and Ji Luo and Jing Dong and Julian Straub and Kevin Bailey and Kevin Eckenhoff and Lingni Ma and Luis Pesqueira and Mark Schwesinger and Maurizio Monge and Nan Yang and Nick Charron and Nikhil Raina and Omkar Parkhi and Peter Borschowa and Pierre Moulon and Prince Gupta and Raul Mur-Artal and Robbie Pennington and Sachin Kulkarni and Sagar Miglani and Santosh Gondi and Saransh Solanki and Sean Diener and Shangyi Cheng and Simon Green and Steve Saarinen and Suvam Patra and Tassos Mourikis and Thomas Whelan and Tripti Singh and Vasileios Balntas and Vijay Baiyya and Wilson Dreewes and Xiaqing Pan and Yang Lou and Yipu Zhao and Yusuf Mansour and Yuyang Zou and Zhaoyang Lv and Zijian Wang and Mingfei Yan and Carl Ren and Renzo De Nardi and Richard Newcombe},
      year={2023},
      eprint={2308.13561},
      archivePrefix={arXiv},
      primaryClass={cs.HC},
      url={https://arxiv.org/abs/2308.13561},
}

@misc{omni3d-cubercnn-brazil2023,
      title={Omni3D: A Large Benchmark and Model for 3D Object Detection in the Wild},
      author={Garrick Brazil and Abhinav Kumar and Julian Straub and Nikhila Ravi and Justin Johnson and Georgia Gkioxari},
      year={2023},
      eprint={2207.10660},
      archivePrefix={arXiv},
      primaryClass={cs.CV},
      url={https://arxiv.org/abs/2207.10660},
}